1509 2397
310 74 424 113 PRO
446 73 645 112 RABIR.
668 72 960 112 POSTUMO.
992 72 1099 111 CAP.
1121 75 1158 111 5.
1223 73 1298 112 125

171 182 241 222 Sin
270 183 342 222 hoc
369 182 528 221 totidem
557 181 680 220 verbis
702 181 932 220 translatum
959 190 1074 233 caput
1097 188 1165 228 est,
1195 181 1301 232 quod

171 236 259 285 fuit,
288 249 367 275 non
384 236 501 274 modo
526 236 568 274 in
587 234 778 282 Cornelia,
806 235 873 274 sed
897 235 1012 273 etiam
1038 244 1126 273 ante
1149 236 1190 274 in
1215 236 1300 286 lege

172 290 362 336 Servilia3
391 304 461 343 per
478 291 584 329 Deos
602 290 865 328 immortales!
897 289 992 340 quid
1010 289 1176 340 agimus,
1193 290 1300 338 judi-

175 358 258 384 ces.
248 347 266 373 ⁹
295 352 362 383 aut
382 358 499 397 quem
517 345 622 383 hunc
640 357 789 382 morem
803 356 992 382 novorum
1008 343 1271 393 judiciorum·
1261 356 1302 381 m

174 399 454 451 rempublicam
472 399 692 438 inducimus
703 398 721 434 ?
748 399 846 436 Erat
860 397 963 436 enim
974 397 1056 436 haec
1068 397 1302 436 consuetudo

174 461 267 492 nota
292 454 399 492 vobis
419 453 576 505 quidem
603 453 807 491 omnibus:
839 451 919 499 sed,
945 451 976 490 si
1003 465 1095 489 usus
1120 452 1302 502 magister

173 513 231 546 eet
248 507 434 559 optimus,
453 507 552 546 mihi
571 507 683 546 debet
708 519 786 545 esse
804 505 1013 544 notissima.
1043 505 1237 544 Accusavi
1255 506 1303 544 de

174 561 346 613 pecuniis
373 561 617 614 repetundis:
651 561 774 610 judex
802 560 904 599 sedi:
944 567 1085 612 praetor
1112 560 1299 611 quaesivi:

173 615 328 654 defendi
345 616 556 668 plurimos:
587 616 696 654 nulla
714 628 816 667 pars,
844 627 932 666 quae
951 615 1123 666 aliquam
1141 614 1304 653 faculta-

173 677 255 709 tem
273 670 423 709 dicendi
442 670 575 709 afferre
588 677 728 722 posset,
748 682 826 708 non
845 682 931 707 mea
949 669 1035 707 fuit.
1066 669 1129 707 Ita
1148 676 1303 707 conten-

173 723 250 771 (10;
280 724 476 763 neminem
497 737 692 786 unquam3
718 727 746 747 “
767 736 845 776 quo
867 736 911 761 ea
929 722 1092 775 pecunia
1109 722 1303 774 pervenis-

173 778 273 826 set‚''
289 791 444 818 causam
458 778 613 826 dixisse,
627 779 695 830 qui
713 778 755 816 in
774 777 1006 816 aestimandis
1023 777 1156 815 litibus
1171 777 1304 828 appel-

173 832 275 872 latus
293 845 371 871 non
390 840 496 871 esset.
526 833 576 871 In
594 833 727 871 litibus
746 839 876 871 autem
895 844 1009 870 nemo
1007 831 1301 892 appellabatur,

171 886 247 926 nisi
279 900 327 925 ex
358 887 515 926 testium
545 886 668 935 dictis,
694 893 762 925 aut
794 886 936 925 tabulis
958 885 1210 937 privatorum,
1234 892 1304 924 aut

172 939 384 980 rationibus
413 941 624 980 civitatum.
665 942 819 993 Itaque,
849 941 890 979 in
919 939 1125 978 inferendis
1151 939 1301 987 litibus,

170 995 302 1035 adesse
313 996 498 1044 solebant,
512 996 581 1048 qui
593 995 740 1047 aliquid
753 995 802 1034 de
820 1008 859 1033 se
873 996 1102 1034 verebantur
1116 1008 1128 1032 z
1147 1002 1198 1042 et,
1212 1006 1302 1032 00111

173 1056 282 1088 erant
300 1050 497 1102 appellati,
511 1050 543 1088 si
556 1049 769 1098 videbatur,
784 1050 914 1088 statim
933 1048 1188 1087 contradicere
1207 1049 1303 1087 sole-

172 1104 279 1143 bant.
310 1104 379 1143 Sin
391 1105 474 1154 ejus
488 1104 670 1156 temporis
682 1112 873 1143 recentem
891 1103 1080 1142 invidiam
1095 1103 1304 1154 pertimue-

172 1165 274 1206 rant,
293 1159 574 1210 respondebant
591 1166 746 1211 postea:
776 1157 882 1211 quod
896 1171 986 1197 cum
1005 1157 1194 1206 fecissent,
1217 1170 1304 1209 per-

173 1213 290 1251 multi
308 1226 408 1265 saepe
425 1213 611 1252 vicerunt.

228 1267 281 1306 V.
311 1267 400 1306 Hoc
418 1280 506 1306 vero
525 1280 671 1306 novum
690 1274 758 1316 est,
775 1274 863 1305 ante
881 1267 954 1305 11οο
972 1274 1126 1318 tempus
1144 1264 1304 1304 omnino

173 1320 406 1359 inauditum.
436 1322 486 1359 In
504 1321 651 1368 litibus,
672 1321 851 1360 Postumi
868 1333 1010 1359 nomen
1030 1327 1086 1358 est
1096 1332 1304 1370 nusquam.

174 1375 225 1414 In
251 1374 399 1421 litibus,
428 1375 537 1414 (1100.
527 1378 544 1404 ‘³
583 1375 707 1413 Modo
726 1389 792 1414 vos
811 1375 956 1413 11ᾶο111“
946 1387 987 1412 111
1006 1375 1061 1412 A.
1083 1373 1298 1412 Gabinium

172 1428 321 1479 judices
336 1429 509 1468 sedistis=
540 1441 638 1467 num
657 1429 743 1481 quis
762 1429 866 1467 testis
880 1429 1113 1467 Postumum
1132 1427 1303 1479 appella-

174 1483 262 1522 vit?
291 1483 395 1522 testis
417 1483 575 1522 autem?
613 1496 710 1522 num
735 1491 954 1522 accusator.
945 1485 962 1511 t>
1000 1495 1098 1520 num
1120 1481 1301 1543 denique,

172 1544 254 1577 toto
270 1537 340 1576 illo
353 1538 514 1588 judicio,
540 1538 718 1576 Postumi
736 1550 876 1576 nomen
896 1537 1088 1575 audistis?
1119 1535 1240 1574 Non
1230 1536 1304 1587 1gi-

174 1599 238 1631 tur
255 1605 357 1641 reus,
377 1606 426 1631 ex
446 1606 491 1631 ea
510 1605 623 1631 causa
635 1606 722 1644 quae
731 1592 905 1642 judicata
916 1599 986 1638 est,
1003 1590 1193 1629 redundat
1208 1590 1303 1628 Pos-

172 1653 327 1686 tumus:
357 1646 424 1686 sed
442 1656 498 1685 est
515 1654 687 1699 arreptus
698 1659 799 1685 unus
818 1659 933 1698 eques
948 1646 1151 1684 Romanus
1170 1644 1218 1682 de
1236 1657 1304 1706 pe-

169 1701 298 1741 ⁵cuniis
315 1701 537 1753 repetundis
559 1715 657 1740 reus.
698 1700 854 1749 Quibus
873 1699 1047 1739 tabulis?
1077 1713 1165 1751 quae
1182 1698 1224 1736 in
1238 1699 1304 1748 ju-

173 1755 274 1794 dicio
290 1755 346 1794 A.
368 1755 526 1794 Gabinii
544 1756 709 1794 recitatae
719 1767 797 1793 non
809 1763 909 1794 sunt.
940 1754 1032 1803 Quo
1046 1755 1168 1792 teste?
1188 1766 1212 1791 a
1225 1765 1304 1805 quo

174 1817 262 1851 tum
291 1810 506 1862 appellatus
531 1822 726 1862 nusquam
756 1817 823 1848 est
857 1808 952 1856 Qua
976 1807 1232 1860 appellatione
1255 1807 1304 1844 11-

173 1863 310 1903 tium?
340 1864 382 1902 in
408 1878 487 1916 qua
506 1864 685 1903 Postumi
702 1864 848 1903 mentio
862 1863 962 1902 facta
974 1863 1084 1901 nulla
1101 1869 1169 1901 est.
1208 1860 1303 1909 Qua

175 1918 288 1970 lege?
316 1932 395 1981 qua
413 1931 491 1957 non
511 1926 672 1957 tenetur.

230 1973 341 2011 H1c
326 1985 424 2023 jam,
437 1972 598 2023 judices,
619 1972 733 2012 vestri
751 1971 898 2011 consilii
922 1985 980 2010 res
1000 1979 1068 2019 est,
1093 1978 1227 2010 vestrae
1245 1983 1305 2008 sa-

175 2027 341 2080 pientiae.
371 2027 481 2075 Quid
499 2027 629 2066 deceat
640 2040 719 2074 vos,
740 2039 832 2073 non,
847 2033 1037 2078 quantum
1052 2025 1164 2064 liceat
1182 2024 1304 2071 vobis,

178 2088 347 2134 spectare
365 2081 521 2120 debetis.
554 2082 598 2123 „Si
617 2082 735 2128 enim,
756 2080 852 2133 quid
868 2080 993 2123 liceat..
1015 2079 1211 2132 quaeritis;
1236 2091 1307 2129 po-

177 2135 281 2175 testis
299 2135 431 2174 tollere
450 2149 470 2174 e
484 2136 648 2183 civitate,
663 2149 780 2188 quem
791 2135 920 2173 vultis.
951 2134 988 2172 T
991 2135 1116 2173 abella
1131 2141 1200 2179 est,
1217 2145 1304 2183 quae

177 2190 244 2228 dat
257 2197 482 2240 potestatem
496 2204 508 2236 ς
530 2190 692 2229 occultat
704 2190 836 2229 eadem
849 2188 1049 2279 libidine?
1064 2203 1074 2227 ε
1096 2188 1206 2237 cujus
1219 2197 1308 2228 con.-

950 2255 984 2280 M
1006 2267 1014 2278 .
