1509 2397
372 98 711 138 PHILIPPICA
741 99 842 138 XII.
872 98 978 138 Cn.
1009 102 1047 138 3.
1192 101 1272 140 359

149 220 215 245 me
226 207 400 259 experior
414 222 424 245 ε
455 209 515 257 cuj
521 221 564 245 us
578 207 681 245 idem
695 207 910 254 consilium,
924 208 1028 259 quod
1043 215 1170 256 tuum,
1188 222 1273 248 sen-

152 261 218 309 tio,
240 275 357 312 quam
383 261 692 313 reprehendatur.
723 263 806 300 Nos
831 263 1146 313 reprehendimur
1173 264 1272 301 soli?

151 315 261 363 Quid
271 316 289 352 ?
317 316 375 355 vir
393 315 620 354 fortissimus
636 317 763 354 Pansa
782 316 862 354 sine
880 317 993 355 causa
1009 324 1088 355 tam
1101 326 1274 356 accurate

149 370 267 421 paulo
286 378 374 408 ante
397 371 549 409 locutus
574 377 630 408 est
651 370 800 407 tamdiu
818 372 835 406 ?
876 370 985 417 Quid
1013 371 1103 422 egit,
1124 372 1197 409 nisi
1215 373 1274 410 uti

149 424 288 462 falsam
306 424 530 475 proditionis
543 437 565 462 a
580 437 618 463 se
634 424 888 476 suspicionem
901 424 1136 476 depelleret?
1156 426 1274 465 Unde

145 485 280 517 autem
292 488 348 517 est
360 479 433 517 ista
444 479 635 530 suspicio?
657 491 705 516 ex
716 478 820 530 pacis
833 479 1044 530 patrocinio
1058 480 1270 530 repentino,

146 533 252 584 quod
272 533 398 571 subito
417 533 594 584 suscepit,
623 532 756 571 eodem
775 540 907 584 captus
933 545 1069 579 errore,
1095 547 1172 584 quo
1191 546 1272 573 nos,

147 587 268 635 Quod
287 588 318 626 si
337 595 391 626 est
404 595 586 635 erratum,
599 595 725 639 patres
737 587 951 638 conscripti,
965 600 1030 638 spe
1048 587 1144 625 falsa
1159 595 1275 639 atque

147 642 300 687 fallaci3
322 642 521 680 redeamus
539 642 581 679 in
595 642 710 680 viam.
741 640 926 693 Optimus
941 651 997 680 est
1009 648 1142 693 portus
1153 643 1275 693 poeni-

146 696 245 734 tenti
263 697 426 735 mutatio
446 696 604 734 consilii.

203 752 225 789 Ι
232 751 287 789 II.
317 750 427 798 Quid
445 750 548 788 enim
561 753 645 801 (per
656 750 761 788 Deos
772 749 1007 788 immortales
1018 749 1048 797 !)
1064 757 1188 801 potest
1200 751 1274 789 rei-

147 805 313 857 publicae
323 805 500 856 prodesse
513 812 641 842 nostra
651 804 818 855 legatio?
836 804 1033 861 PJodesse,
1050 804 1158 842 dico?
1179 805 1274 856 quid

148 859 180 897 si
199 859 313 898 etiam
331 858 514 897 obfutura
531 866 588 896 est
602 861 620 897 ?
661 858 890 897 obfutura?
921 858 1015 909 quid
1042 859 1073 895 si
1095 859 1179 907 jam
1204 872 1273 898 no-

147 914 257 952 cuit?
298 914 367 951 An
397 926 462 950 vos
489 912 712 951 acerrimam
737 912 846 950 illam
866 919 903 950 et
929 912 1176 952 fortissimam
1202 927 1273 964 po-

147 968 232 1019 puli
251 967 421 1005 Romani
438 966 624 1005 libertatis
643 966 911 1018 recuperandae
929 965 1179 1017 cupiditatem
1193 981 1272 1006 non

145 1022 396 1060 imminutam
426 1034 470 1059 ac
498 1020 737 1059 debilitatam
766 1020 923 1072 putatis,
954 1021 1143 1072 legatione
1167 1022 1272 1073 pacis

142 1076 280 1114 audita
297 1078 314 1115 ?
351 1075 462 1123 Quid
492 1075 704 1126 municipia
733 1075 919 1113 censetis?
949 1074 1044 1126 quid
1074 1076 1239 1114 colonias
1251 1077 1272 1113 ἲ

145 1130 243 1182 quid
262 1137 439 1169 cunctam
460 1129 648 1168 Italiam?
678 1130 850 1167 futuram
871 1129 1004 1168 eodem
1032 1130 1172 1177 studio,
1195 1145 1273 1183 quo

141 1193 277 1223 contra
295 1196 501 1223 commune
519 1183 740 1222 incendium
759 1191 947 1221 exarserat
962 1186 979 1221 ?
1014 1184 1083 1221 An
1102 1196 1179 1222 non
1198 1199 1273 1236 pu-

142 1246 276 1277 tamus
293 1239 388 1285 fore,
409 1247 453 1276 ut
472 1250 535 1276 eos
554 1238 733 1289 poeniteat
752 1238 939 1289 professos
966 1250 1058 1283 esse,
1080 1244 1116 1276 et
1135 1252 1214 1289 prae
1234 1253 1273 1278 se

145 1293 277 1332 tulisse
306 1293 440 1331 odium
472 1291 513 1329 in
542 1292 777 1339 Antonium,
810 1291 878 1343 qui
907 1292 1088 1343 pecunias
1113 1293 1274 1344 polliciti

148 1355 251 1395 sunt,
272 1347 340 1399 qui
359 1360 479 1394 arma,
501 1346 569 1397 qui
589 1360 627 1385 se
647 1354 758 1392 totos,
773 1353 810 1384 et
829 1346 967 1384 animis
984 1354 1020 1384 et
1035 1349 1269 1398 corporibus,

146 1402 186 1439 in
207 1402 371 1440 salutem
389 1400 608 1452 reipublicae
622 1401 864 1439 contulerunt
879 1403 896 1439 ?
926 1400 1273 1448 Quemadmodum

146 1464 318 1495 vestrum
336 1456 408 1493 hoc
427 1455 628 1494 consilium
648 1455 783 1506 Capua
800 1455 990 1505 probabit,
1012 1468 1098 1505 quae
1123 1463 1272 1508 tempo-

145 1511 252 1549 ribus
265 1510 326 1548 his
338 1510 467 1548 Roma
479 1510 598 1548 altera
611 1516 666 1547 est
680 1512 698 1548 ’ἓ
720 1509 795 1547 Illa
808 1509 947 1560 impios
962 1508 1059 1547 cives
1068 1509 1270 1559 judicavit,

146 1566 269 1616 ejecit,
289 1564 461 1603 exclusit.
493 1563 574 1611 Illi,
594 1564 666 1610 illi,
686 1564 862 1615 inquam,
882 1563 970 1601 urbi
988 1563 1191 1602 fortissime
1211 1577 1273 1604 co-

146 1619 270 1666 nanti,
291 1632 311 1657 e
330 1619 509 1657 manibus
528 1624 583 1656 est
601 1624 752 1669 ereptus
767 1617 973 1655 Antonius.

201 1673 341 1722 Quid?
371 1673 568 1724 legionum
586 1682 802 1711 nostrarum
821 1684 955 1710 nervos
973 1684 1099 1710 nonne
1110 1672 1170 1710 his
1182 1685 1272 1712 con-

145 1729 240 1768 siliis
258 1727 495 1766 incidimus?
536 1726 638 1774 Quis
656 1733 713 1764 est
732 1726 850 1773 enim,
873 1726 942 1777 qui
968 1726 1016 1764 ad
1034 1726 1182 1764 bellum
1210 1727 1273 1765 in-

147 1784 346 1821 flammato
364 1781 493 1820 animo
513 1781 560 1819 sit
578 1780 746 1828 futurus,
768 1794 834 1832 spe
852 1780 956 1831 pacis
982 1780 1110 1819 oblata
1128 1783 1146 1819 Ξ)
1177 1781 1271 1833 Ipsa

140 1839 213 1876 ffla
231 1836 392 1882 Martia,
412 1835 571 1874 coelestis
591 1843 627 1873 et
652 1835 782 1873 divina
799 1834 913 1885 legio,
933 1834 1005 1872 hcc
1030 1835 1166 1873 nuntio
1184 1836 1270 1874 lan-

144 1898 298 1944 guescet
316 1898 353 1929 et
366 1890 574 1935 mollietur,
591 1897 707 1941 atque
724 1889 823 1927 illud
840 1889 1143 1940 pulcherrimum
1156 1889 1270 1928 lilar-

145 1947 246 1984 tium
272 1957 413 1983 nomen
438 1944 612 1982 amittet:
644 1943 818 1981 excident
842 1942 984 1994 gladii:
1015 1943 1136 1981 fluent
1161 1957 1270 1982 arma

145 1998 193 2039 de
211 1999 402 2038 manibus.
433 1999 619 2037 Senatum
639 1998 740 2036 enim
764 2005 905 2043 secuta,
925 2009 1003 2035 non
1021 1998 1269 2036 arbitrabitur

139 2067 185 2093 se
203 2053 367 2106 graviori
386 2052 472 2091 odio
490 2053 532 2090 in
556 2052 775 2091 Antonium
793 2064 873 2090 esse
891 2051 1040 2098 debere,
1071 2064 1190 2102 quam
1209 2065 1269 2090 se-

144 2116 293 2147 natum.
334 2107 462 2146 Pudet
485 2107 602 2157 hujus
627 2106 813 2157 legionis;
842 2105 964 2158 pudet
981 2112 1141 2156 quartae,
1163 2119 1265 2157 quae,

142 2163 227 2214 pari
252 2162 392 2201 virtute
420 2166 590 2199 nostram
620 2160 881 2199 auctoritatem
905 2161 1085 2211 probans,
1116 2171 1194 2198 non
1222 2168 1267 2199 ut

140 2217 336 2256 consulem
356 2223 393 2255 et
411 2216 680 2267 imperatorem
695 2227 824 2263 suum,
840 2213 905 2253 sed
924 2220 969 2252 ut
981 2213 1131 2254 hostem
1145 2221 1183 2253 et
1196 2227 1265 2267 op-
