1509 2397
248 104 328 142 354
466 102 810 142 PHILIPPICA
839 103 918 142 XI.
949 103 1055 143 CAP.
1079 103 1142 141 15.

251 211 375 249 mitto.
406 210 530 261 Cujus
545 211 648 249 enim
666 211 884 263 praedicatio
901 212 1075 251 nondum
1092 211 1273 250 omnibus
1285 223 1373 262 gra-

250 273 289 303 ta
307 273 376 312 est,
395 264 495 303 hanc
511 266 706 304 memoriae
730 266 858 318 potius
889 280 1007 319 quam
1035 266 1136 305 vocis
1154 264 1371 304 testimonio

253 331 535 358 conservemus.

303 373 587 420 Animadverti,
617 381 744 425 patres
775 374 988 426 conscripti,
1021 373 1095 412 dici
1123 374 1206 423 jam
1236 387 1260 412 a
1284 372 1372 424 qui--

250 427 429 473 busdam,
451 428 624 466 exornari
643 428 758 466 etiam
783 428 948 466 nimium
967 441 990 466 a
1007 441 1071 466 me
1098 429 1284 475 Brutum,
1310 427 1372 464 ni-

249 481 375 518 mium
395 481 572 519 Cassium
601 482 752 520 ornari:
785 482 914 520 Cassio
933 495 1035 528 vero,
1056 481 1242 520 sententia
1266 481 1369 527 11163,

252 535 494 573 dominatum
528 543 564 573 et
592 536 852 587 principatum
883 536 977 574 dari,
1018 535 1127 582 Quos
1158 548 1228 586 ego
1246 534 1367 572 orno?

251 601 389 640 nempe
398 602 473 636 eos,
491 589 557 640 qui
572 590 645 640 ipsi
657 598 745 627 sunt
757 597 979 628 ornamenta
989 589 1218 641 reipublicae.
1233 588 1370 649 Quid?

250 642 303 680 D.
320 643 490 680 Brutum
508 656 634 681 nonne
646 644 824 682 omnibus
836 644 1028 682 sententiis
1041 656 1189 695 semper
1207 642 1370 681 ornavi?

249 709 346 735 num
365 697 482 748 igitur
500 697 804 748 reprehenditis?
834 698 903 735 An
921 697 1113 736 Antonios
1125 697 1251 748 potius
1263 708 1374 734 orna-

251 763 346 798 rem,
381 763 459 788 non
492 751 606 789 modo
637 764 795 789 suarum
824 752 1074 797 familiarum,
1106 750 1172 789 sed
1203 750 1374 789 Romani

251 804 432 853 nominis,
445 807 582 856 probra
601 813 716 856 atque
728 806 942 844 dedecora?
973 817 1021 843 an
1041 804 1295 844 Censorinum
1313 817 1374 842 or-

251 871 356 905 nem,
384 859 426 896 in
451 859 551 897 bello
574 859 737 907 hostem,
759 860 799 897 in
817 873 911 911 pace
929 867 1109 898 sectorem
1124 862 1142 898 Ρ
1171 871 1220 896 an
1240 866 1374 897 caetera

252 926 301 951 ex
321 912 453 951 eodem
471 913 669 951 latrocinio
699 913 900 964 naufragia
925 914 1103 964 colligam
1117 916 1134 951 Ρ
1163 913 1250 963 Ego
1269 924 1372 959 vero,

251 967 359 1028 istos,
389 967 469 1015 otii,
497 967 717 1014 ooncordiae,
747 969 893 1019 legum,
918 968 1164 1018 judiciorum,
1189 966 1374 1004 libertatis

251 1021 438 1082 inimicos,
459 1029 610 1059 tantum
625 1023 730 1059 abest
749 1031 792 1059 ut
806 1034 951 1068 ornem,
968 1030 1011 1059 ut
1029 1021 1125 1059 effici
1143 1033 1219 1059 non
1239 1019 1371 1072 possit,

251 1076 346 1125 quin
380 1088 441 1114 eos
474 1083 554 1113 tam
584 1075 742 1122 oderim,
782 1089 897 1127 quarn
929 1076 1207 1127 rempublicam
1237 1075 1369 1125 (111180.

252 1129 367 1176 Vide,
388 1129 527 1181 inquit,
562 1142 610 1166 ne
636 1137 829 1168 veteranos
855 1129 1048 1168 offendas:
1079 1129 1151 1167 hoc
1178 1128 1280 1167 enim
1310 1128 1373 1166 vel

250 1183 420 1221 maxime
433 1183 605 1221 exaudio.
635 1183 722 1234 Ego
734 1196 820 1221 vero
835 1191 1028 1221 veteranos
1042 1183 1140 1221 tueri
1151 1182 1290 1227 debeo3
1308 1181 1375 1220 sed

251 1236 334 1283 hos,
374 1237 514 1288 quibus
547 1237 686 1274 sanitas
723 1246 803 1275 est:
846 1246 944 1276 certe
968 1237 1102 1275 timere
1134 1249 1211 1274 non
1241 1236 1374 1274 debeo.

250 1290 329 1329 Eos
349 1299 557 1339 veteranos,
579 1291 646 1342 qui
664 1304 733 1342 pro
752 1291 948 1343 republica
973 1304 1081 1329 arma
1099 1297 1294 1342 ceperunt,
1315 1303 1372 1328 se-

251 1345 406 1396 cutique
435 1353 522 1383 sunt
553 1346 598 1384 C.
619 1345 823 1392 Caesarem,
856 1345 1078 1383 auctoritate
1102 1344 1374 1383 beneficiorum

250 1406 512 1450 paternorum,
547 1399 735 1450 hodieque
755 1400 1033 1450 rempublicam
1052 1398 1263 1437 defendunt
1281 1410 1371 1436 cum

251 1465 393 1504 magno
412 1454 594 1504 periculo,
610 1465 684 1490 11011
704 1454 802 1491 tueri
821 1454 961 1501 solum,
983 1453 1049 1491 sed
1069 1453 1184 1491 etiam
1204 1465 1375 1491 commo-

251 1486 340 1544 dis0
335 1520 486 1558 augere,
506 1507 636 1545 debeo.
668 1507 750 1554 Qui
769 1516 897 1545 autem
912 1507 1125 1558 quiescunt,
1145 1514 1190 1544 ut
1208 1513 1314 1544 sexta
1333 1513 1371 1544 et

252 1570 360 1599 octav·
361 1575 384 1598 a
397 1561 536 1612 legio,'
526 1574 567 1599 m
581 1562 859 1612 11138113810113
877 1570 914 1599 et
929 1561 1041 1599 laude
1052 1560 1249 1613 ponendos
1262 1567 1368 1612 puto.

253 1614 422 1653 Comites
441 1628 528 1653 vero
547 1616 724 1664 Antonii,
754 1615 835 1667 qui,
855 1622 1061 1666 postquam
1086 1614 1268 1653 beneficia
1285 1614 1374 1652 Cae-

253 1669 346 1707 saris
387 1669 645 1716 comederunt,
677 1671 872 1708 consulem
909 1669 1149 1720 designatum
1180 1667 1369 1715 obsident,

251 1722 341 1760 huic
360 1724 447 1761 urbi
465 1723 563 1761 ferro
582 1723 739 1774 ignique
756 1724 998 1770 minitantur,
1028 1724 1140 1762 Saxae
1165 1734 1205 1760 se
1235 1729 1273 1760 et
1295 1721 1370 1760 Ca-

252 1776 372 1827 phom·
383 1777 634 1825 tradiderunt,
656 1778 704 1815 ad
722 1777 868 1816 facinus
887 1777 1133 1828 praedamque
1147 1775 1259 1822 natis,
1273 1787 1369 1813 num

252 1830 339 1881 quis
359 1839 427 1877 est,
459 1831 527 1882 qui
559 1831 720 1869 tuendos
739 1834 880 1883 putet?
908 1831 1015 1881 Ergo
1045 1838 1112 1868 aut
1144 1829 1236 1867 boni
1265 1836 1370 1874 sunt,

251 1897 346 1935 quos
365 1885 480 1923 etiam
494 1898 641 1932 ornare,
662 1893 729 1923 aut
752 1886 885 1937 quieti,
906 1898 1001 1936 quos
1021 1896 1238 1922 conservare
1257 1883 1371 1922 debe-

253 1951 368 1985 mus;
399 1947 466 1977 aut
490 1939 614 1991 impii,
635 1952 800 1991 quorum
819 1948 948 1978 contra
965 1939 1148 1985 furorem,
1169 1945 1206 1976 et
1224 1937 1371 1976 bellum

253 2000 291 2030 et
306 1993 411 2042 justa
437 2006 543 2031 arma
562 1994 808 2044 suscepimus.

305 2047 400 2085 XV.
431 2048 611 2094 Quorum
629 2047 746 2098 igitur
764 2055 1030 2086 veteranorum
1061 2045 1208 2084 animos
1235 2057 1285 2084 ne
1312 2044 1371 2083 of-

251 2099 468 2147 fendamus,
485 2102 686 2140 veremur?
715 2101 928 2148 Ecmmne,
945 2101 1013 2153 qui
1039 2100 1091 2138 D.
1113 2100 1283 2138 Brutum
1302 2100 1371 2138 ob-

251 2154 395 2193 sidione
425 2155 587 2207 cupiunt
614 2156 804 2195 liberare?
834 2156 974 2208 quibus
1001 2167 1090 2194 cum
1121 2153 1237 2192 Bruti
1267 2154 1370 2192 salus

248 2221 336 2248 cara
354 2209 420 2258 sit,
431 2211 500 2261 qui
516 2218 675 2261 possunt
690 2210 810 2249 Cassii
824 2217 965 2249 nom‘en
978 2208 1126 2249 odisse?
1141 2209 1210 2247 An
1223 2219 1369 2254 eorum,
