1509 2397
255 116 329 154 154
505 114 620 153 PRO
649 112 911 155 LIGARIO.
939 111 1047 152 CAP.
1068 112 1106 152 5.

307 222 382 261 IV.
412 222 521 271 Quid
547 229 675 260 autem
697 220 803 259 aliud
829 220 992 272 egimus,
1013 218 1187 267 Tubero,
1204 218 1308 280 Mnisi,
1324 227 1371 257 ut

252 276 357 329 quod
375 277 437 315 hic
455 283 590 328 potest,
619 289 687 314 nos
705 274 929 326 possemus?
964 274 1145 323 Quorum
1162 272 1280 324 igitur
1297 273 1373 311 im-

252 330 420 382 punitas,
437 331 578 377 Caesar,
599 338 675 370 tuae
694 328 904 367 clementiae
921 329 1006 366 laus
1025 334 1094 375 est,
1121 339 1253 365 eorum
1271 327 1373 379 ipso-

251 397 340 422 rum
360 385 408 422 ad
426 384 687 422 crudelitatem
713 390 751 420 te
775 390 885 421 acuet
907 381 1054 420 oratio?
1083 381 1246 433 Atque
1235 393 1276 419 ιιι
1300 380 1374 420 hac

251 451 367 476 causa
391 438 567 476 nonnihil
591 436 782 488 equidem,
814 436 985 483 Tubero,
1017 435 1133 474 etiarn
1160 443 1282 484 tuam,
1306 433 1373 473 sed

252 492 377 530 multo
395 492 517 543 mauis
541 492 660 551 patris
681 491 751 537 tui,
775 490 1019 541 prudentiam
1038 488 1235 535 desidero3
1267 488 1372 540 quod

253 546 384 593 homo,
416 559 505 584 cum
534 544 687 596 ingenio
715 552 801 582 tum
830 544 945 582 etiam
972 543 1144 582 doctrina
1171 542 1372 590 excellens,

250 612 372 650 genus
402 600 474 638 hoc
504 612 627 637 causae
651 597 755 649 quod
784 605 893 646 esset,
919 610 997 635 non
1016 596 1175 635 viderit.
1205 608 1311 644 nam,
1341 595 1374 634 si

254 654 421 700 vidisset,
453 653 587 705 quovis
612 652 793 704 profecto,
819 665 938 703 quam
965 651 1038 689 isto
1064 651 1196 700 modo,
1215 664 1239 689 a
1256 657 1295 688 ιε
1312 649 1376 701 agi

256 708 463 746 maluisset.

306 761 454 812 Arguis
470 761 667 799 fatentem.
697 760 790 798 Non
809 766 864 798 est
876 759 978 798 satis.
1006 759 1179 798 Accusas
1191 771 1295 807 eum,
1308 757 1377 810 qui

252 828 406 854 causan]
423 815 552 862 habet,
573 822 654 863 aut,
677 821 723 852 ut
749 827 818 864 ego
837 813 935 861 dico,
955 813 1153 858 meliorem
1178 825 1297 873 quam
1315 820 1374 860 ιιι,

252 877 333 917 aut,
347 877 391 908 ut
406 876 448 906 tu
461 868 529 915 vis,
544 882 687 920 parem.
721 868 817 906 Haec
831 880 909 907 non
920 867 1036 905 modo
1049 866 1244 904 mirabilia
1257 872 1374 904 sunt·
1361 893 1375 912 ‚

252 923 319 961 sed
337 922 500 984 prodigii
524 923 647 960 s'unile
665 930 735 970 est,
757 922 861 982 quod.
879 921 1016 959 dicam.
1046 921 1138 958 Non
1157 920 1274 958 habet
1291 931 1378 958 eam

253 977 333 1015 vim
352 977 425 1014 ista
444 976 644 1024 accusatio,
671 984 715 1013 ut
734 975 786 1035 Q.
808 975 988 1026 Ligarius
1003 974 1292 1022 condemnetur,
1313 972 1379 1014 sed

253 1038 299 1068 ut
324 1039 489 1068 necetur.
532 1030 619 1068 Hoc
643 1030 721 1080 egit
746 1029 836 1067 civis
855 1029 1057 1067 Romanus
1080 1035 1168 1066 anve
1190 1035 1229 1065 te
1251 1039 1378 1065 nemo.

254 1084 418 1122 Externi
443 1084 505 1121 isti
531 1091 619 1121 sunt
637 1096 785 1121 mores:
815 1095 939 1134 usque
964 1082 1013 1120 ad
1038 1081 1264 1133 sanguinem
1282 1080 1378 1119 inci-

256 1138 329 1176 tari
356 1139 449 1176 solet
475 1137 606 1175 odium
631 1144 699 1175 aut
723 1137 867 1174 levium
892 1137 1129 1183 Graecorum,
1154 1142 1221 1173 aut
1239 1135 1379 1172 imma-

258 1192 369 1229 nium
375 1193 636 1230 barbarorum.
659 1191 699 1229 N
703 1203 767 1228 am
779 1190 873 1242 quid
885 1190 991 1228 aliud
1003 1190 1109 1241 agis?
1122 1197 1167 1227 ut
1181 1189 1320 1227 Romae
1333 1201 1384 1227 ne

255 1245 334 1284 sit?
363 1254 408 1283 ut
424 1245 540 1283 domo
564 1252 688 1283 careat
702 1246 719 1280 Ρ
748 1255 797 1282 ne
822 1257 911 1282 cum
937 1244 1093 1296 optimis
1117 1243 1311 1289 fratribus,
1331 1255 1381 1281 ne

256 1312 346 1338 cum
365 1300 436 1337 hoc
455 1299 506 1337 T.
522 1299 708 1345 Broccho,
729 1298 919 1336 avunculo
932 1310 1014 1346 suo,
1027 1310 1076 1335 ne
1089 1309 1179 1335 cum
1192 1297 1274 1346 ejus
1285 1296 1380 1345 filio,

258 1354 482 1391 consobrino
502 1365 585 1400 suo,
599 1365 647 1390 ne
665 1352 878 1400 nobiseum,
892 1351 1018 1390 vivat.
1009 1354 1026 1379 9
1055 1363 1104 1389 ne
1119 1350 1168 1392 sit
1177 1350 1218 1388 in
1229 1351 1375 1402 patria.
1362 1352 1382 1377 9

257 1407 370 1445 Num
401 1415 482 1445 est.
473 1409 490 1434 9
527 1419 624 1444 ιιιιιιι
649 1413 774 1457 potest
796 1405 919 1456 magis
950 1418 1075 1444 carere
1099 1404 1160 1443 his
1185 1404 1379 1452 omnibus,

255 1473 376 1512 quam
389 1468 514 1499 caret.
506 1463 522 1488 9
554 1460 669 1498 Italia
683 1460 919 1511 prohibetur,
936 1460 1097 1497 exsulat.
1125 1458 1218 1496 Non
1230 1467 1273 1496 tu
1293 1471 1383 1509 ergo

256 1514 360 1553 hunc
371 1514 493 1566 patria
504 1514 666 1566 privare,
683 1527 761 1565 qua
775 1521 888 1562 caret,
905 1512 971 1552 sed
983 1513 1073 1562 vita,
1088 1513 1157 1550 vis.
1186 1512 1246 1551 At
1261 1511 1380 1561 istud,

257 1580 306 1606 ne
332 1568 436 1620 apud
461 1582 551 1606 eum
577 1568 734 1620 quidem
760 1567 996 1615 dictatorem,
1023 1566 1092 1619 qui
1114 1578 1260 1615 omnes,
1287 1579 1384 1618 quos

256 1622 401 1669 oderat,
432 1630 555 1660 morte
587 1622 792 1668 multabat,
815 1622 1020 1673 quisquam
1050 1620 1129 1671 egit
1156 1620 1229 1658 isto
1254 1619 1382 1658 modo.

259 1676 351 1727 Ipse
365 1677 526 1725 jubebat
544 1675 675 1723 occidi,
697 1676 805 1712 nullo
816 1675 1056 1726 postulante:
1086 1673 1254 1725 praemiis
1266 1673 1383 1712 etiam

258 1729 456 1767 invitabat.
488 1729 590 1777 Quae
610 1738 739 1767 tamen
763 1728 979 1777 crudelitas,
1001 1729 1050 1766 ab
1069 1727 1216 1774 eodem,
1237 1727 1385 1778 aliquot

258 1783 369 1821 annis
392 1791 493 1835 post,
515 1795 632 1835 quem
657 1795 761 1822 nunc
786 1782 979 1821 crudelem
1002 1794 1082 1821 oese
1099 1781 1170 1830 vis,
1194 1780 1384 1819 vindicata

260 1844 329 1875 est.

315 1891 367 1929 V.
397 1890 484 1942 Ego
503 1903 591 1929 vero
609 1889 712 1928 istud
731 1902 809 1928 ιιοιι
826 1889 1026 1951 postulo,
1014 1889 1177 1941 mquies.
1208 1889 1272 1927 Ita
1285 1889 1384 1931 (me-

261 1945 403 1992 hercle)
430 1905 620 1992 egxistimo,
648 1944 830 1982 Tubero:
860 1944 950 1982 novi
974 1944 1077 1982 enim
1103 1951 1164 1989 te;
1205 1941 1295 1980 novi
1316 1953 1385 1993 pa-

261 2006 386 2044 trem3
418 1999 507 2036 novi
530 1998 689 2035 domum
714 2010 933 2048 nomenque
951 2006 1144 2040 vestrum:
1176 1995 1302 2034 studia
1319 1994 1385 2032 de-

261 2053 379 2104 nique
397 2052 544 2104 generis
563 2064 606 2090 ac
632 2051 790 2089 familiae
807 2060 954 2100 vestrae,
974 2051 1139 2098 virtutis,
1165 2048 1385 2088 humanita-

261 2106 324 2154 tis,
344 2106 540 2153 doctrinae,
564 2105 821 2166 ΡῙιιιιιιιιιιιιιιι
841 2105 983 2143 artium
1002 2111 1118 2165 atque
1136 2103 1384 2155 optimarum,

260 2167 353 2198 nota
370 2168 460 2198 sunt
477 2160 575 2197 mihi
593 2159 733 2198 omnia.
765 2159 904 2211 Itaque
918 2166 1018 2197 certo
1037 2158 1125 2205 εειο,
1139 2170 1205 2196 vos
1223 2168 1300 2195 non
1317 2167 1385 2207 pe-

261 2220 339 2251 tere
357 2213 607 2265 sanguinem:
639 2212 704 2252 sed
722 2225 861 2264 parum
880 2212 1086 2257 attenditis.
1117 2212 1196 2252 Bes
1215 2210 1318 2249 enim
1338 2221 1382 2249 eo
