1509 2397
266 91 381 133 PRO
401 93 599 133 RABIR.
621 92 914 133 POSTUMO.
944 93 1049 133 CAP.
1072 95 1109 132 3.
1174 94 1252 131 123

187 199 245 237 11.
267 200 352 239 Sint
365 201 483 253 igitur
497 201 650 249 similia,
668 201 831 252 judices,
845 215 963 252 parva
974 202 1136 253 magnis.
1158 201 1253 239 Fuit

131 253 250 300 enim,
269 256 398 306 pueris
416 255 539 303 nobis,
564 255 682 305 hujus
700 264 808 307 pater
828 256 872 294 C.
895 255 1050 303 Curius,
1076 256 1253 306 princeps

131 307 272 346 ordinis
286 310 481 360 equestris,
494 309 722 348 fortissimus
738 318 774 347 et
788 309 983 347 maximus
997 310 1226 361 publicanus
1237 323 1250 346 ε

131 362 240 414 cujus
258 362 299 400 in
317 363 478 415 negotiis
503 364 677 415 gerendis
698 363 1004 414 magnitudinem
1029 364 1149 400 animi
1173 375 1249 400 non

130 420 210 452 tam
228 415 401 456 homines
420 419 654 469 probassent,
671 418 795 455 nisiin
815 418 948 456 ecdem
960 417 1174 468 benignitas
1192 416 1252 453 in-

131 469 319 508 credibilis
341 471 474 510 fuisset
490 486 502 518 ;
539 480 597 520 ut,
628 472 667 509 in
697 472 872 522 augenda
899 485 952 519 re,
984 484 1061 509 non
1086 470 1254 509 avaritiae

129 523 313 573 praedam,
342 526 408 564 sed
436 526 736 564 instrumentum
757 525 932 573 bonitati,
957 538 1125 578 quaerere
1148 524 1253 562 vide-

129 583 244 615 retur.
280 578 368 617 Hoc
386 580 452 617 ille
477 588 605 628 natus,
633 580 808 632 quamvis
833 589 981 630 patrem
1010 592 1126 617 suum
1151 591 1254 616 nun-

130 643 250 681 quam
268 633 428 682 viderat,
449 641 593 681 tamen,
615 644 652 672 et
670 634 807 672 natur&
826 634 910 684 ipsa
929 634 1038 681 duce,
1060 646 1148 684 quae
1166 633 1253 684 plu-

129 684 273 723 rimum
292 688 407 736 valet,
434 696 471 725 et
494 689 653 727 assiduis
679 688 972 726 domesticorum
998 687 1253 733 sermonibus,

129 737 171 776 in
189 747 358 790 paternae
375 742 464 780 vitae
492 742 784 780 similitudinem
809 741 995 780 deductus
1015 750 1080 779 est.
1119 741 1254 779 Multa

127 793 266 843 gessit:
296 796 421 834 multa
446 797 660 835 contraxit:
690 809 851 847 magnas
870 805 996 847 partes
1013 795 1150 833 habuit
1179 808 1253 845 pu-

127 847 313 886 blicorum
329 867 340 887 ι
355 850 512 888 credidit
526 851 678 902 populis
692 865 702 888 ε
716 850 756 887 in
768 850 944 902 pluribus
956 849 1158 901 provinciis
1171 849 1254 897 ejus

126 910 274 940 versata
287 916 345 941 res
358 913 413 942 est
426 919 436 942 ε
456 904 560 943 dedit
571 918 611 943 se
623 905 739 943 etiam
750 905 904 955 regibus
918 919 927 942 :
942 903 1032 941 huic
1047 903 1121 955 ipsi
1129 903 1255 940 Alex-

126 955 288 995 andrino
305 958 490 1008 grandem
506 960 588 1008 jam
614 967 725 997 antea
743 958 947 1010 pecuniam
968 957 1124 996 credidit
1141 971 1151 994 :
1183 969 1253 994 nec

125 1008 269 1048 interea
286 1012 516 1064 locupletare
531 1013 672 1051 amieos
684 1025 858 1064 unquam
879 1025 966 1050 suos
986 1011 1143 1058 destitit,
1164 1010 1256 1048 mit-

128 1069 207 1102 tere
224 1064 266 1106 in
284 1067 496 1116 negotium,
517 1067 606 1106 dare
620 1074 761 1119 partes,
781 1080 822 1106 re
841 1079 993 1117 augere,
1015 1065 1089 1103 fide
1109 1073 1259 1104 susten-

127 1124 220 1156 tare.
261 1119 370 1168 Quid
394 1121 550 1160 multa?
593 1134 682 1159 cum
706 1121 974 1172 magnitudine
1003 1120 1137 1167 animi,
1168 1126 1255 1156 tum

126 1170 366 1223 liberalitate,
396 1175 516 1214 vitam
540 1176 658 1227 patris
689 1183 726 1214 et
756 1174 1070 1214 consuetudinem
1101 1186 1256 1225 expres·

127 1233 238 1264 serat.

182 1281 326 1323 Pulsus
353 1282 497 1322 interea
521 1296 639 1335 regno
659 1284 906 1331 Ptolemaeus,
927 1281 1066 1320 dolosis
1085 1280 1254 1319 consiliis

128 1336 190 1377 (ut
225 1335 323 1374 dixit
348 1337 510 1389 Sibylla,
536 1338 652 1376 sensit
677 1338 918 1384 Postumus),
939 1337 1110 1375 Romam
1136 1334 1254 1372 venit.

126 1387 235 1427 Huic
253 1390 379 1441 egenti
394 1398 431 1429 et
448 1391 598 1443 roganti
616 1391 678 1430 hic
696 1391 831 1429 infelix
845 1390 1045 1442 pecuniam
1067 1388 1251 1434 credidit;

125 1454 196 1481 nec
213 1450 299 1482 tum
317 1445 516 1496 primum3
546 1458 639 1483 nam
661 1445 839 1497 regnanti
861 1444 1069 1483 crediderat
1090 1444 1225 1481 absens
1239 1456 1254 1480 :-

123 1507 194 1535 nec
211 1504 354 1537 temere
372 1512 412 1538 se
431 1499 581 1538 credere
598 1501 773 1551 putabat,
794 1498 899 1550 quod
918 1506 999 1537 erat
1016 1496 1163 1536 nemini
1177 1496 1253 1534 du-

121 1549 246 1599 bium,
262 1552 358 1603 quin
375 1553 408 1592 is
427 1553 469 1592 in
480 1566 645 1605 regnum
659 1554 918 1592 restitueretur
937 1566 960 1590 a
979 1558 1114 1590 senatu
1128 1563 1253 1602 popu-

119 1603 236 1656 loque
250 1606 444 1647 Romano.
474 1609 524 1646 In
543 1607 670 1647 dando
690 1615 820 1646 autem
832 1614 870 1645 et
887 1605 1087 1651 credendo,
1102 1617 1253 1656 proees-

120 1657 170 1697 sit
187 1660 340 1712 longius
357 1676 368 1700 ε
398 1675 468 1701 nec
486 1675 597 1701 suam
617 1662 741 1701 solum
762 1661 966 1713 pecuniam
994 1658 1167 1707 eredidit,
1188 1657 1255 1697 sed

120 1711 237 1752 etiam
256 1715 492 1754 amicorum:
525 1717 665 1755 stulte:
697 1716 783 1767 quis
802 1717 948 1767 negat?
978 1722 1046 1752 aut
1065 1713 1152 1766 quis
1167 1713 1251 1762 jam

126 1778 205 1806 non
232 1768 414 1809 admonet
430 1773 448 1810 ἒ
479 1770 598 1820 Quod
616 1771 719 1809 male
743 1769 890 1818 cecidit,
915 1770 1013 1808 bene
1037 1767 1257 1807 consultum

123 1829 278 1873 putares
293 1826 311 1862 ἓ

175 1876 260 1915 ΙΙΙ.
289 1877 366 1917 Sed
384 1886 441 1918 oet
458 1878 626 1927 difficile,
645 1878 751 1931 quod
769 1891 858 1917 cum
879 1891 945 1929 spe
963 1876 1106 1928 magna
1125 1875 1175 1914 sis
1188 1875 1252 1913 in-

121 1943 286 1982 gressus,
299 1932 341 1970 id
350 1945 429 1971 non
447 1933 605 1985 exsequi
619 1946 742 1985 usque
754 1932 803 1971 ad
815 1941 1045 1971 extremum.
1075 1929 1251 1981 Supplex

122 1991 203 2022 erat
231 1998 324 2024 rex:
361 1987 488 2025 multa
511 1989 694 2039 rogabat:
732 1986 864 2025 omnia
892 1985 1168 2038 pollicebatur-3
1206 1990 1253 2021 ut

118 2038 203 2089 jam
220 2047 390 2079 metuere
409 2042 620 2080 Postumus
638 2048 849 2092 cogeretur,
869 2053 933 2087 ne,
962 2039 1066 2091 quod
1084 2037 1254 2077 credide-

121 2098 194 2140 rat,
209 2094 396 2145 perderet,
419 2096 451 2134 si
469 2095 646 2135 credendi
664 2094 918 2134 constituisset
931 2092 1106 2131 modum.
1138 2090 1253 2130 Nihil

120 2152 250 2185 autem
282 2157 361 2187 erat
390 2149 458 2188 ino
488 2149 684 2197 blandius,
715 2149 813 2187 nihil
840 2149 915 2187 hoc
937 2146 1169 2198 benigniUS3
1209 2151 1256 2183 Ut

121 2201 244 2251 magis
261 2203 460 2254 poenioeret
478 2203 646 2256 coepisse,
663 2216 783 2255 quam
802 2203 932 2241 liceret
951 2201 1142 2240 desistere·
