1509 2397
394 87 458 125 IN
489 85 764 126 PISONEM.
796 85 901 124 CAP.
931 86 996 122 38.
1203 84 1254 128 67

130 194 361 244 contiretur,
396 199 436 236 (ο
453 196 586 242 Poena,
603 208 626 234 ο
644 194 765 233 Furia
783 194 971 233 sociorum
988 193 1018 237 2)
1052 191 1250 240 decedens,

124 249 305 286 miseram
318 248 527 299 perdidisti.
554 249 764 295 Arsinoen,
780 249 967 294 Stratum,
981 247 1250 298 Naupactum,

127 310 170 339 ut
188 303 304 340 modo
329 309 411 341 tute
432 303 622 347 indicasti,
653 303 799 341 nobiles
824 303 937 340 urbes
960 309 1075 352 atque
1099 301 1140 352 pl
1129 313 1246 346 enas,

122 355 252 394 fateris
271 358 319 395 ab
338 356 512 396 hostibus
531 371 610 396 esse
629 364 770 409 captas·
800 356 956 403 Quibus
981 362 1110 392 autem
1129 355 1198 392 hos
1201 354 1250 392 ti-

122 409 225 448 bus?
252 422 394 462 nempe
417 411 477 459 iis,
499 425 595 463 quos
614 419 671 459 tu,
698 411 920 449 Ambraciae
946 409 1093 455 sedens,
1120 408 1220 460 prin
1224 421 1247 446 o

121 471 190 502 tuo
207 464 375 503 adventu
398 479 446 503 ex
469 466 619 517 oppidis
640 466 880 516 Agl-inarum
901 472 1023 525 atque
1044 463 1245 524 Dolopum

122 517 348 580 demigrare,
369 527 406 557 et
425 532 509 557 aras
529 527 565 558 et
582 497 707 558 foco?
709 519 859 570 relinqu
864 532 936 557 cre
958 516 1124 568 coegisti.
1156 517 1245 554 Hoc

121 577 165 609 tu
180 572 220 610 in
239 573 359 620 exitu,
380 574 559 624 praeclare
573 574 793 625 imperator,
808 586 896 610 cum
916 572 985 610 tibi
997 572 1046 609 ad
1064 571 1243 622 pristinas

120 626 246 664 clades
278 627 437 665 accessio
464 628 598 666 fuisset
628 628 780 666 AEtofiae
801 627 1023 678 repentinus
1052 625 1242 671 interitus,

119 680 328 718 exereitum
343 682 544 727 dimisisti3
574 695 699 734 neque
714 682 836 719 ullam
850 693 1018 732 poenam,
1033 693 1121 731 quae
1135 686 1243 717 tanto

115 733 276 777 facinori
294 734 507 783 deberetur,
523 749 601 775 non
619 735 791 774 maluisti
809 735 950 781 subire,
967 746 1085 785 quam
1103 745 1242 771 nume-

116 800 206 826 rum
226 797 381 827 tuorum
399 791 570 828 militum
588 790 844 842 reliquiasque
864 801 1097 838 coo-noscere.

122 858 126 862 ·
171 842 425 882 XXXVIII.
455 845 605 896 Atque,
629 852 673 882 ut
699 844 865 882 duorum
886 843 1164 894 Epicureorum
1191 842 1242 880 si-

118 896 378 936 militudinem
396 898 438 936 in
459 912 500 937 re
517 899 675 936 militari
692 898 931 949 imperioque
950 897 1133 941 videatis3
1164 896 1241 934 Al-

117 950 267 999 bucius,
288 964 377 990 cum
395 952 437 990 in
460 953 637 992 Sardinia
657 952 946 1003 triumphasset,
975 951 1113 988 Romae
1131 950 1244 987 dam-

117 1012 231 1043 natus
261 1014 342 1044 est:
373 1006 449 1054 hic,
477 1020 566 1045 cum
597 1007 762 1045 similem
796 1006 943 1044 exitum
968 1011 1167 1056 spectaret,
1199 1004 1241 1041 in

119 1058 347 1098 Macedonia
360 1068 503 1112 tropaea
516 1061 643 1112 posuit
657 1076 667 1098 ε
698 1073 832 1112 eaque,
854 1074 941 1111 quae
952 1059 1099 1097 bellicae
1112 1058 1239 1096 laudis

117 1112 360 1165 victoriaeque
373 1127 505 1154 omnes
524 1123 654 1166 gentes
669 1115 836 1166 insignia
854 1121 891 1152 et
909 1113 1148 1151 monimenta
1161 1125 1241 1151 esse

116 1167 334 1215 voluerunt,
355 1177 484 1208 noster
500 1169 563 1208 hic
576 1176 827 1221 praeposterus
842 1168 1063 1229 imperator,
1081 1167 1239 1204 amisso-

114 1233 205 1259 rum
223 1198 468 1273 oppidorum,
489 1237 674 1262 caesarum
692 1224 903 1274 legionum,
924 1221 1127 1282 provinciae
1138 1234 1238 1271 prae-

116 1275 212 1313 sidio
241 1283 278 1314 et
302 1277 458 1329 reliquis
483 1278 672 1316 militibus
701 1279 857 1339 orbatae,
883 1276 930 1314 ad.
961 1275 1237 1326 sempiternum

115 1328 279 1368 dedecus
304 1331 366 1368 sui
383 1332 531 1381 generis
550 1338 587 1370 81
611 1331 792 1377 11011111115,
812 1331 965 1368 funesta
982 1329 1123 1367 indicia
1149 1340 1238 1366 con-

115 1382 266 1421 stituit:
297 1384 490 1436 idemque,
511 1392 555 1423 ut
580 1392 690 1433 esset,
712 1384 844 1436 quod
834 1397 875 1421 111
894 1383 976 1422 basi
1003 1391 1235 1433 tropaeorum

115 1437 270 1475 inscribi
288 1438 482 1490 incidique
499 1447 639 1490 posset,
660 1438 949 1500 Dyrrhachium
967 1446 1012 1475 ut
1030 1436 1148 1482 venit,
1169 1436 1235 1473 de-

116 1490 266 1536 cedens,
288 1494 461 1531 obsessus
481 1500 537 1531 est
548 1493 654 1531 abiis
671 1493 764 1544 ipsis
775 1492 979 1537 militibus,
994 1504 1104 1543 quos,
1121 1490 1240 1541 paulo

113 1552 202 1583 ante
219 1545 420 1598 Torquato
442 1547 650 1599 respondit,
678 1547 850 1586 beneficii
877 1559 992 1584 causa
1015 1547 1063 1583 ab
1093 1557 1132 1582 58
1158 1557 1238 1582 8558

112 1599 312 1639 dimissos:
344 1602 485 1652 quibus
515 1615 604 1640 cum
627 1603 779 1651 juratus
805 1600 1044 1645 affirmasset,
1074 1612 1127 1644 58,
1149 1612 1238 1649 quae

111 1653 353 1702 deberentur,
369 1662 519 1706 postero
539 1655 600 1694 die
617 1655 918 1707 persoluturum,
938 1654 1099 1691 domum
1115 1666 1154 1691 se
1169 1654 1237 1690 ab·

111 1707 236 1746 didit.
266 1709 370 1757 inde,
390 1716 500 1748 nocte
523 1709 767 1761 intempesta,
789 1709 1017 1760 crepidatus,
1037 1717 1140 1745 veste
1160 1720 1238 1744 ser-

111 1761 193 1806 vili,
227 1775 366 1801 navem
395 1764 626 1811 conscendit,
661 1763 993 1813 Brundisiumque
1017 1761 1166 1808 vitavit,
1201 1768 1240 1799 et

111 1807 269 1855 ultimas
297 1817 464 1855 Adriani
491 1819 609 1857 maris
645 1831 730 1857 oras
761 1817 919 1869 petivit:
958 1828 1048 1854 cum
1079 1814 1236 1852 interim

110 1867 348 1921 Dyrrhachii
364 1872 506 1911 milites
525 1872 701 1920 domum,
727 1871 768 1909 in
788 1885 867 1922 qua
891 1871 1010 1908 istum
1035 1881 1115 1907 esse
1134 1867 1237 1906 arbi-

111 1925 325 1972 trahantur,
353 1926 524 1964 obsidere
549 1934 757 1978 coeperunt,
778 1933 829 1971 81,
850 1938 939 1963 811111
968 1925 1086 1962 latere
1108 1922 1237 1960 homi-

74 1997 78 1999 >
112 1989 203 2016 nem
239 1986 433 2030 putarent,
471 1981 578 2031 ignes
615 1954 960 2019 circumdederunt.
1002 1977 1094 2025 Quo
1125 1984 1235 2014 metu

112 2033 294 2070 commoti
323 2033 598 2085 Dyrrhachini,
619 2034 832 2085 profugisse
848 2040 964 2071 noctu
995 2031 1236 2092 crepidatum

111 2084 394 2136 imperatorem,
406 2088 681 2127 indicaverunt.
703 2088 769 2126 Illi
783 2095 913 2126 autem
928 2094 1109 2126 5131113111
1122 2084 1233 2122 1511115

111 2139 361 2190 persimilem,
378 2155 500 2194 quam
515 2149 613 2182 stare
631 2141 935 2182 celeberrimoin
947 2141 1030 2180 1080
1048 2139 1234 2186 voluerat,
