1509 2397
643 457 867 499 ORATIO
897 445 1009 497 mv.

775 583 881 594 ——

538 672 610 719 IN
645 673 713 721 M.
751 669 1114 720 ANTONIUM

572 806 798 857 Philippica
822 808 1080 845 Duodea-ima.

758 956 907 985 -φ-

617 1115 911 1155 ARGUMEN
916 1115 1059 1155 TUM.

289 1244 398 1284 CUM
426 1243 614 1282 retulisset
638 1245 766 1283 Pansa
795 1245 927 1283 consul
949 1244 997 1282 de
1024 1243 1158 1296 legatis
1186 1244 1326 1282 iterum
1353 1245 1402 1283 ad

290 1298 509 1338 Antonium
528 1298 576 1336 de
593 1311 684 1350 pace
702 1299 910 1347 mittendis,
930 1300 978 1337 ab
997 1299 1057 1347 iis,
1071 1299 1138 1350 qui
1149 1297 1265 1350 primi
1282 1299 1404 1349 rogati

291 1360 398 1391 erant
417 1353 655 1402 sententiam,
675 1353 790 1404 legati
801 1353 939 1391 decreti
957 1362 1063 1391 erant
1081 1353 1157 1390 duo
1176 1353 1404 1401 consulares,

291 1408 339 1446 P.
372 1406 553 1446 Servilius
583 1413 620 1445 et
649 1407 792 1446 Cicero.
836 1408 926 1458 Ipse
955 1420 1044 1458 ergo
1072 1407 1218 1455 Cicero,
1251 1414 1405 1458 rogatus

291 1461 531 1508 sententiam,
569 1461 798 1511 legationem
827 1474 904 1500 non
937 1461 1053 1502 modo
1089 1473 1406 1512 supervacaneam

293 1528 384 1562 esse,
406 1527 495 1553 cum
515 1516 563 1553 ab
577 1515 750 1553 Antonio
767 1528 900 1567 pacem
919 1528 1067 1567 sperare
1085 1527 1162 1553 non
1179 1515 1321 1562 liceret,
1341 1514 1407 1554 sed

292 1569 471 1607 inutilem
490 1568 619 1616 etiam,
651 1576 688 1607 et
716 1577 870 1621 turpem
903 1569 1242 1620 perniciosamque,
1273 1569 1406 1607 multis

292 1622 527 1673 argumentis
556 1622 695 1661 docuit.
737 1623 855 1671 Quod
883 1624 914 1662 si
943 1631 1072 1661 autem
1101 1623 1278 1661 habenda
1305 1623 1408 1674 pacis

293 1677 389 1714 ratio
408 1677 471 1723 sit,
493 1689 601 1714 suam
620 1684 748 1716 tamen
766 1689 965 1729 personam
983 1677 1033 1715 ad
1050 1677 1162 1716 istam
1179 1677 1408 1728 legationem

296 1730 456 1768 minime
477 1730 592 1768 fuisse
617 1731 871 1782 deligendam,
902 1738 1101 1783 propterea
1125 1731 1230 1782 quod
1258 1744 1407 1783 semper

295 1784 440 1835 legatos
458 1784 661 1823 mittendos
688 1786 893 1836 negaverit,
914 1785 1018 1837 quod
1035 1785 1316 1823 crudelissimus
1335 1786 1408 1824 sibi

296 1838 367 1876 uni
383 1837 502 1876 hostis
521 1838 568 1876 sit
585 1839 806 1885 Antonius;
836 1852 911 1881 nec¹
924 1839 1003 1877 sine
1017 1839 1105 1877 vitae
1121 1839 1292 1877 maximo
1309 1840 1409 1890 peri-

296 1893 382 1931 culo
394 1892 621 1943 legationem
634 1893 820 1944 suscipere
837 1893 977 1945 possit:
998 1893 1039 1930 id
1056 1900 1185 1931 autem
1196 1893 1410 1944 periculum

299 1959 343 1984 eo
373 1946 496 1997 magis
522 1945 748 1997 fugiendum
778 1961 870 1996 esse,
900 1954 946 1986 ut
973 1946 1051 1986 vita
1079 1960 1161 1994 sua,
1192 1948 1318 1999 quoad
1347 1948 1409 1988 vel

298 2000 462 2052 dignitas
480 2001 538 2040 vel
558 2008 695 2040 natura
706 2002 887 2054 patiatur,
905 2001 1038 2054 patriae
1055 2010 1273 2041 reservetur.
