1509 2397
192 79 271 118 136
313 80 430 121 PRO
449 81 647 124 RABIR.
669 82 961 125 POSTUMO.
991 83 1097 124 CAP.
1123 83 1185 128 17.

187 186 242 225 tio
259 187 332 227 sibi
349 189 473 229 addici
484 191 606 230 velit?
636 191 726 239 Sed,
741 192 927 231 miserum
943 204 1008 231 me
1025 192 1036 230 !
1067 196 1212 243 quanto
1228 190 1313 230 haec

187 240 270 280 dixi
282 255 372 282 cum
382 244 516 284 dolore
531 246 540 283 !
565 245 685 294 Hem,
699 247 898 295 Postume,
912 254 1006 285 tune
1020 259 1060 285 es
1075 245 1185 284 Curii
1195 245 1312 293 filius,

187 295 234 333 C.
255 296 420 347 Rabirii,
437 299 582 348 judicio
606 307 643 338 et
660 300 871 349 voluntate,
895 300 1012 349 filius,
1032 298 1183 347 natur-ii,
1210 312 1312 338 soro-

189 349 241 387 ris
263 349 404 404 [filius]
422 355 438 391 ἓ
460 361 553 392 tune
571 354 636 392 ille
654 354 694 392 in
713 367 845 393 omnes
863 362 950 393 tuos
968 353 1136 393 liberalis
1150 356 1170 393 ?
1199 354 1311 403 cujus

188 404 333 443 multos
365 407 515 446 bonitas
544 407 818 459 locupletavit3
858 409 927 460 qui
963 408 1062 446 nihil
1090 407 1310 460 profudisti,

190 457 289 496 nihil
306 460 430 499 ullam
451 461 492 498 in
517 462 717 500 libidinem
738 462 942 501 contulisti.
984 462 1090 511 Tua,
1112 462 1311 508 Postume,

189 523 353 552 nummo
372 516 541 553 sestertio
560 529 582 554 a
600 529 664 554 me
683 516 913 554 addicuntur
927 518 945 555 ’ἓ

242 566 281 605 Ο
303 580 435 606 meum
461 570 643 608 miserum
672 572 930 621 acerbumque
954 569 1214 622 praeconium!
1253 569 1315 607 At

186 619 259 659 hoc
277 621 392 660 etiam
411 631 517 674 optat
535 624 664 672 miser,
688 631 733 662 ut
759 624 1033 663 condemnetur
1052 637 1076 661 a
1093 623 1225 662 vobis:
1259 623 1314 661 ita

187 675 289 713 bona
306 685 481 724 veneant,
495 686 538 716 ut
553 678 719 716 solidum
739 691 853 717 suum
873 678 1011 730 cuique
1029 678 1208 716 solvatur.
1239 677 1314 715 Ni-

188 728 245 766 hil
260 730 344 778 jam
362 730 467 769 aliud
486 732 560 770 nisi
592 732 709 770 fidem
728 739 860 778 curat;
891 744 961 771 nec
973 745 1038 770 vos
1057 731 1162 778 huic,
1182 731 1215 770 si
1229 732 1313 782 jam

187 783 359 822 oblivisci
377 792 510 824 vestrae
535 786 843 825 mansuetudinis
863 785 1071 833 volueritis,
1098 784 1313 838 quidquam

187 844 369 888 praeterea
387 840 542 890 potestis
568 840 722 892 eripere.
753 840 884 889 Quod,
902 839 1064 890 judices,
1084 851 1133 878 ne
1150 839 1311 888 faciatis,

187 902 255 929 oro
279 893 520 945 obtestorque
543 908 633 938 vos3
673 902 788 945 atque
811 907 855 933 eo
882 894 1021 946 magis,
1045 894 1077 932 si
1102 892 1314 932 adventicia

186 946 350 996 pecunia
367 947 510 998 petitur
529 950 576 987 ab
597 961 654 995 eo,
675 949 737 986 cui
755 961 824 986 sua
842 960 920 986 non
938 947 1120 986 redditur.
1152 947 1259 986 Nam
1270 947 1312 986 in

187 1011 292 1060 eum,
313 1000 374 1039 cui
393 1001 648 1041 misericordia
665 1002 847 1054 opitulari
865 1001 1040 1050 debebat,
1053 1001 1198 1040 invidia
1208 1015 1315 1054 quae-

189 1061 263 1091 Sita
282 1061 350 1092 δῖ.

244 1107 320 1146 Sed
335 1110 432 1158 jam,
459 1111 643 1162 quoniam
669 1113 730 1154 (ut
748 1119 873 1162 spero)
894 1110 1024 1158 fidem,
1045 1123 1165 1163 quam
1187 1110 1312 1163 potui,

188 1160 260 1199 tibi
277 1164 450 1213 praestiti,
468 1166 667 1213 Postume,
687 1165 847 1203 reddam
866 1165 983 1204 etiam
1000 1166 1203 1216 lacrymas,
1217 1177 1314 1216 quas

186 1214 306 1254 debeo
317 1231 331 1254 -:
362 1231 458 1269 quas
477 1219 635 1271 quidem
654 1232 724 1270 ego
742 1226 828 1258 tuas
853 1219 894 1257 in
913 1231 1000 1257 meo
1018 1230 1108 1258 oesu
1126 1218 1315 1270 plurimas

189 1269 280 1308 vidi.
307 1270 496 1311 Versatur
515 1281 603 1311 ante
621 1273 751 1312 oculos
774 1273 951 1312 luctuosa
972 1284 1051 1311 nox
1069 1272 1166 1311 meis
1190 1272 1316 1311 omni-
1343 1309 1357 1320 ,

186 1323 275 1373 bus,
291 1337 381 1364 cum
401 1333 444 1364 tu
464 1334 590 1366 totum
605 1335 642 1366 te
654 1340 744 1366 cum
759 1327 836 1365 tuis
848 1327 965 1379 copiis
984 1326 1034 1365 ad
1051 1339 1115 1365 me
1133 1325 1314 1365 detulisti.

187 1376 254 1416 Tu
281 1379 497 1429 comitibus,
528 1390 570 1420 tu
593 1381 785 1433 praesidio,
805 1389 849 1419 tu
875 1381 990 1421 etiam
1016 1387 1123 1419 tanto
1147 1379 1316 1432 pondere

187 1432 285 1481 auri,
300 1442 490 1485 quantum
510 1446 663 1488 tempus
680 1434 779 1474 illud
793 1435 1025 1487 postulabat,
1042 1434 1250 1474 discessum
1268 1434 1317 1473 il-

186 1485 272 1524 lum
287 1489 504 1528 sustentasti
519 1503 529 1527 z
555 1497 597 1527 tu
617 1502 819 1542 nunquam
837 1489 946 1536 meis,
959 1502 1024 1528 me
1038 1490 1207 1537 absente,
1219 1489 1317 1527 libe-

185 1540 251 1588 ris,
280 1554 483 1594 nunquam
510 1544 664 1595 conjugi
682 1556 793 1591 meae,
817 1542 984 1582 defuisti.
1026 1543 1190 1582 Possum
1212 1542 1315 1581 exci-

187 1600 268 1633 tare
293 1597 436 1635 multos
463 1597 652 1646 reductos,
679 1605 791 1636 testes
813 1597 1051 1636 liberalitatis
1076 1604 1179 1643 tuae3
1209 1595 1315 1649 quod

187 1661 288 1700 saepe
307 1650 437 1689 audivi
461 1651 560 1702 patri
586 1660 667 1698 tuo,
692 1652 761 1704 qui
788 1651 829 1690 id
853 1651 1014 1697 fecisset,
1034 1663 1176 1702 magno
1201 1649 1313 1701 adju-

187 1711 319 1741 mento
329 1704 370 1742 in
382 1705 527 1754 judicio
542 1705 674 1757 capitis
686 1706 814 1744 fuisse.
845 1705 920 1744 Sed
928 1706 1011 1755 jam
1027 1705 1157 1743 omnia
1168 1704 1310 1743 timeo:

187 1756 368 1796 bonitatis
386 1758 506 1810 ipsius
528 1760 709 1798 invidiam
737 1759 954 1798 reformido.
984 1759 1014 1797 J
1016 1772 1080 1797 am
1098 1758 1240 1798 indicat
1257 1766 1315 1797 tot

187 1809 392 1851 hominum
414 1813 539 1860 fletus,
567 1826 686 1864 quam
715 1814 764 1852 sis
787 1826 895 1852 carus
915 1813 1022 1852 tuisz
1060 1821 1098 1851 et
1118 1826 1182 1852 me
1207 1812 1315 1852 dolor

189 1863 376 1914 debilitat,
404 1867 643 1918 includitque
668 1880 812 1906 vocem.
849 1868 931 1906 Vos
957 1869 1124 1912 obsecro,
1149 1866 1312 1917 judices,

187 1926 234 1957 ut
251 1918 342 1958 huic
360 1921 506 1973 optimo
525 1921 620 1968 viro,
642 1934 719 1973 quo
738 1934 852 1960 nemo
870 1922 1006 1960 melior
1023 1933 1199 1973 unquam
1222 1920 1311 1968 fuit,

187 1984 331 2012 nomen
361 1975 498 2026 equitis
529 1975 712 2023 Romani,
744 1983 782 2014 et
812 1988 968 2013 usuram
990 1975 1109 2025 hujus
1138 1974 1251 2022 lucis,
1278 1980 1316 2012 et

189 2035 360 2066 vestrum
376 2037 635 2081 conspectum,
652 2041 701 2067 ne
719 2029 898 2081 eripiatis.
930 2028 1009 2067 Hic
1021 2042 1087 2067 vos
1102 2027 1209 2067 aliud
1220 2027 1318 2066 nihil

186 2088 284 2128 orat,
306 2081 380 2121 nisi
398 2091 442 2122 ut
460 2083 570 2122 rectis
589 2083 708 2122 oculis
726 2083 826 2122 hanc
845 2085 981 2122 urbem
1000 2082 1073 2122 sibi
1089 2082 1244 2130 intueri,
1261 2091 1320 2120 at-

189 2147 266 2185 que
284 2135 326 2174 in
343 2137 417 2176 hoc
434 2137 516 2176 foro
530 2137 736 2189 vestigium
755 2137 891 2185 facere,
898 2137 1036 2183 liceat;
1066 2136 1171 2189 quod
1188 2136 1318 2188 ipsum

189 2186 364 2230 Fortuna
389 2191 593 2244 eripuerat,
617 2191 692 2230 nisi
717 2191 831 2230 unius
854 2191 966 2230 amici
998 2203 1088 2242 opes
1114 2189 1312 2229 subvenis·

196 2250 291 2281 sent.
