1509 2397
319 96 668 138 PHILIPPICA
697 96 825 136 XIII.
855 96 963 136 CAP.
984 96 1021 141 7.
1151 95 1232 141 375

106 205 180 244 Cn.
208 205 387 258 Pompeii
414 205 518 244 filius
542 213 669 258 posset
687 213 725 243 et
749 205 978 258 dignitatem
1004 208 1041 244 et
1058 203 1234 243 fortunas

105 259 247 312 patrias
265 273 499 312 recuperare.

163 314 238 353 VI.
269 314 329 352 Ac
342 327 391 353 ne
405 314 504 353 illud
522 313 680 366 quidem
695 314 860 361 silentio,
880 321 1006 365 patres
1019 311 1234 364 conscripti,

105 369 416 420 praetereundum
434 377 544 420 puto,
566 368 670 420 quod
689 368 888 407 clarissimi
915 368 999 416 viri,
1030 367 1161 418 legati,
1183 367 1233 405 L.

108 423 270 471 Ρ3111ιι5,
293 423 344 471 Q.
367 423 578 471 Thermus,
599 422 645 461 C.
667 423 856 471 Fannius,
884 423 1069 474 (quorum
1067 401 1237 459 Dhabetis

105 477 299 528 cognitam
318 479 557 516 voluntatem
582 477 623 515 in
642 477 938 539 rempublicam,
962 489 1124 527 eamque
1149 488 1237 526 per-

104 540 261 583 petuam
275 539 390 584 atque
402 530 661 581 constantem)
676 532 872 578 nuntiant,
888 543 942 578 se,
957 529 1136 581 Pompeii
1147 542 1237 567 con-

106 585 284 624 veniendi
302 599 431 634 causa,
452 586 646 625 divertisse
661 586 896 633 Massiliam,
917 597 1085 645 eumque
1098 595 1238 634 cogno-

106 639 203 678 visse
227 641 469 692 paratissimo
488 641 631 688 animo,
659 649 704 679 ut
729 653 818 679 cum
845 639 922 678 suis
927 639 1060 701 ‘copiis
1088 638 1159 676 iret
1189 636 1239 675 ad

106 693 323 743 Mutinam,
338 695 380 733 ni
392 703 583 734 vereretur
594 709 618 733 v
620 702 860 734 eteranorum
875 694 1023 732 animos
1035 691 1238 731 offendere.

106 748 181 787 Est
199 763 288 788 vero
306 751 389 799 ejus
408 750 527 802 patris
545 750 662 798 filius,
684 749 752 802 qui
778 749 966 801 sapienter
979 747 1143 786 faciebat
1160 758 1239 784 non

106 803 237 842 minus
248 805 387 852 multa,
401 817 520 856 quam
535 804 693 842 fortiter.
725 803 865 855 Itaque
877 801 1092 853 intelligitis
1104 808 1141 840 et
1157 799 1240 839 ani-

105 869 218 895 mum
238 859 270 896 ei
289 867 428 910 praesto
446 858 577 905 fuisse,
594 871 664 896 nec
683 859 886 897 consilium
906 857 1083 895 defuisse.

162 913 296 964 Atque
314 913 430 951 etiam
449 912 521 951 hoc
541 913 603 950 M.
626 912 779 965 Lepido
797 911 1079 963 providendum
1100 916 1168 958 est,
1190 921 1240 948 ne

106 966 203 1018 quid
221 967 474 1017 arrogantius,
495 980 615 1019 quam
635 968 718 1017 ejus
736 980 861 1005 mores
880 966 1024 1014 ferunt,
1039 965 1163 1003 facere
1183 964 1241 1002 vi-

106 1021 254 1059 deatur.
297 1021 341 1061 Si
369 1021 473 1060 enim
496 1034 565 1060 nos
591 1022 759 1060 exercitu
782 1028 911 1069 terret,
939 1032 1018 1058 non
1045 1018 1240 1067 meminit,

106 1075 221 1113 illum
255 1075 467 1115 exercitum
497 1079 648 1115 senatus
676 1076 890 1129 populique
919 1074 1091 1114 Romani
1117 1081 1236 1125 atque

105 1129 294 1169 universae
312 1130 533 1182 reipublicae
552 1144 646 1179 esse,
671 1143 750 1169 non
776 1143 904 1169 suum.
941 1129 997 1167 At
1028 1129 1088 1167 uti
1116 1134 1242 1179 potest

105 1196 177 1236 pro
196 1197 279 1223 suo.
309 1184 420 1233 Quid
438 1192 524 1223 tum
538 1184 556 1221 ?
577 1185 758 1224 omniane
768 1185 858 1223 ιιι-15
872 1184 997 1231 bonis,
1015 1196 1103 1235 quae
1117 1182 1242 1220 facere

107 1247 282 1300 possunt,
302 1239 476 1278 facienda
494 1242 616 1278 sunt?
648 1240 828 1301 etiamne,
849 1239 881 1277 si
900 1238 1042 1290 turpia,
1064 1237 1095 1275 si
1112 1235 1242 1288 perni-

108 1293 209 1331 ciosa
227 1296 374 1332 erunt?
405 1294 436 1332 si
454 1293 577 1332 facere
596 1294 754 1333 omnino
769 1306 846 1332 non
857 1292 1015 1332 licebit?
1045 1291 1154 1340 Quid
1170 1304 1242 1328 au·

109 1354 190 1386 tem
208 1348 360 1400 turpius
378 1359 446 1387 aut
464 1348 616 1397 foedius,
633 1356 701 1387 aut
712 1348 807 1401 quid
819 1348 948 1386 minus
964 1346 1108 1394 deceat,
1121 1358 1242 1406 quam

108 1408 242 1440 contra
260 1410 450 1450 senatum,
467 1410 598 1441 contra
617 1404 730 1451 cives,
751 1410 882 1442 contra
900 1401 1081 1454 patriam,
1098 1399 1244 1438 exerci-

109 1462 195 1494 tum
214 1457 379 1496 ducere?
409 1456 505 1509 quid
523 1469 612 1495 vero
637 1457 762 1509 magis
780 1455 1097 1516 vituperandum,
1122 1466 1242 1506 quam

108 1509 151 1561 id
168 1510 304 1560 facere,
322 1512 427 1564 quod
445 1523 521 1550 non
540 1511 683 1551 liceat?
714 1512 825 1550 Licet
837 1518 967 1549 autem
985 1508 1133 1547 nemini
1151 1521 1244 1547 con-

109 1559 169 1603 tra
186 1566 352 1617 patriam
368 1566 505 1604 ducere
519 1566 758 1611 exercitum3
787 1565 819 1603 si
839 1564 996 1617 quidem
1011 1563 1124 1602 licere
1149 1561 1244 1601 dici-

109 1631 213 1669 mus,
234 1620 340 1672 quod
357 1621 522 1672 legibus,
551 1620 656 1672 quod
679 1632 788 1658 more
812 1620 1008 1669 majorum
1036 1617 1244 1656 institutis-

109 1686 202 1736 que,
222 1675 452 1714 conceditur.
483 1675 626 1727 Neque
654 1675 774 1722 enim,
795 1673 900 1727 quod
919 1673 1083 1725 quisque
1101 1678 1242 1724 potest,

109 1727 152 1766 id
170 1729 206 1767 ei
223 1729 336 1769 licet.
366 1742 450 1777 nec,
472 1729 502 1767 si
521 1742 599 1767 non
618 1730 805 1777 obstatur,
818 1735 1018 1781 propterea
1030 1726 1145 1765 etiam
1157 1739 1246 1778 per-

109 1781 292 1822 mittitur.
331 1784 427 1823 Tibi
457 1784 561 1823 enim
592 1784 817 1831 exercitum,
846 1782 1009 1835 Lepide,
1040 1788 1243 1832 tamquam

108 1838 322 1888 majoribus
340 1838 432 1888 tuis,
453 1838 579 1901 patria
603 1852 674 1891 pro
700 1852 738 1878 se
757 1837 875 1876 dedit.
917 1837 1007 1875 Hoc
1034 1842 1078 1874 tu
1098 1835 1245 1874 arcebis

109 1891 275 1942 hostem,
294 1893 419 1932 fines
409 1893 562 1946 imperii
578 1892 834 1945 propagabis.
863 1890 1011 1930 senatui
1021 1890 1245 1942 populoque

111 1946 294 2039 dRomano
311 1948 475 2000 parebis,
496 1948 528 1987 si
546 1961 667 2001 quam
685 1947 735 1987 ad
754 1947 872 1986 aliam
890 1959 974 1985 rem
992 1952 1030 1984 te
1047 1944 1145 1983 forte
1166 1951 1245 1983 tra-

138 2009 279 2040 uxent.

167 2055 271 2095 VII.
292 2055 392 2096 Haec
402 2057 434 2095 si
447 2056 604 2110 cogitas,
621 2069 674 2105 es,
692 2056 754 2096 M.
769 2055 933 2118 Lepide,
943 2053 1118 2107 pontifex
1131 2065 1245 2092 max-

114 2108 233 2161 imus,
253 2111 317 2150 Μ.
341 2111 498 2164 Lepidi,
524 2111 715 2164 pontificis
742 2110 921 2159 maximi,
944 2121 1145 2162 pronepos.
1175 2108 1246 2147 Sin

114 2163 338 2205 hominibus
355 2174 512 2205 tantum
529 2166 643 2206 licere
657 2166 822 2217 judicas,
843 2172 1035 2226 quantum
1052 2170 1243 2216 possunt·
1230 2191 1244 2209 ‚

115 2218 216 2270 vide,
236 2232 286 2261 ne
299 2220 433 2262 alienis
445 2221 670 2275 exemplis,
659 2221 785 2273 iisque
795 2219 1025 2269 recentibus,
1038 2218 1112 2268 uti,
1125 2229 1244 2270 quam
