1509 2397
358 73 699 115 PHILIPPICA
730 77 762 115 Ι,
795 77 900 115 CAP.
936 77 996 114 15.
1165 75 1240 113 195

126 173 347 219 firmitatem
381 188 502 221 tuam.
531 184 668 235 Atque
703 184 868 234 utinam,
907 192 953 222 ut
988 183 1157 235 culpam,
1191 182 1244 221 Sic

125 231 241 270 etiam
260 235 513 285 suspicionem
531 237 650 277 vita-re
668 239 855 290 potuisses
870 239 879 277 !

178 285 298 326 XIV.
328 289 436 328 Illud
463 292 588 343 magis
618 306 759 342 vereor,
793 305 856 341 ne,
894 293 1074 343 ignorans
1106 303 1241 329 verum

122 338 195 378 iter
222 341 367 392 gloriae,
393 345 602 395 gloriosum
630 354 754 398 putes,
778 348 867 399 plus
897 354 934 384 te
962 358 1087 383 unum
1117 357 1240 395 posse,

121 406 242 445 quam
260 408 392 436 omnes
409 413 420 445 3
451 407 487 437 et
506 401 628 438 metui
656 415 679 439 a
697 401 842 440 civibus
861 401 952 448 tuis,
980 411 1098 450 quam
1117 398 1240 449 diligi,

121 447 246 487 malis·
276 450 393 498 Quod
413 453 445 491 si
462 453 516 492 ita
529 462 655 506 putas,
669 462 789 493 totam
808 456 960 507 ignoras
973 453 1076 491 viam
1096 452 1239 503 gloriae.

121 501 269 550 Carum
299 517 380 544 esse
410 507 546 555 civem,
574 511 670 547 bene
696 509 743 548 de
767 509 963 561 republica
986 506 1137 554 mereri,
1156 507 1242 544 lau-

121 554 218 606 dari,
252 558 339 607 coli,
371 560 494 612 diligi,
513 563 722 613 gloriosum
750 571 830 602 est:
861 562 982 601 metui
1008 574 1110 608 vero,
1139 567 1175 598 et
1200 559 1241 597 in

118 609 208 649 odio
226 625 317 661 esse,
337 614 583 666 invidiosum,
604 618 837 664 detestabile,
857 616 1109 662 imbecillum,
1127 614 1243 652 cadu-

120 675 222 702 cum.
254 667 372 714 Quod
404 670 573 710 videmus
601 671 716 709 etiam
739 673 777 709 in
798 671 953 718 fabulis,
983 669 1057 721 ipsi
1078 668 1149 715 iffi,
1171 667 1241 719 qUi

121 719 151 740 “
175 720 354 768 Oderint,
400 725 493 761 dum
529 726 748 774 metuant,”
792 725 945 773 dixerit,
983 722 1239 775 perniciosum

118 771 247 812 fuisse.
277 775 453 826 Utinam,
480 779 646 826 Antoni,
678 793 795 817 avum
827 787 941 817 tuum
970 776 1235 815 meminisses!

116 825 166 864 de
184 840 262 878 quo
280 836 411 868 tamen
436 833 561 870 multa
588 833 731 871 audisti
750 846 798 872 ex
818 845 883 871 me
909 832 1126 883 saepissime.
1157 831 1239 868 Pu-

115 886 223 919 tasne
241 882 353 921 illum
365 885 694 925 immortalitatem
708 888 846 926 mereri
861 887 1036 934 voluisse,
1052 893 1110 931 ut,
1122 897 1239 936 prop-

114 942 173 971 ter
202 948 397 976 armorum
433 940 698 979 habendorum
735 941 944 989 licentiam,
974 937 1239 978 metueretur?

114 987 194 1026 Illa
211 998 292 1029 erat
310 993 401 1041 vita,
422 994 491 1033 illa
510 995 675 1034 secunda
692 996 860 1044 fortuna,
880 996 1055 1034 libertate
1073 1006 1152 1031 esse
1169 1005 1239 1044 pa-

113 1054 196 1081 rem
226 1057 315 1084 cum
346 1049 502 1097 caeteris,
533 1050 745 1102 principem
777 1050 973 1102 dignitate.
1004 1049 1157 1099 Itaque,
1191 1053 1236 1085 ut

110 1097 293 1138 omittam
324 1114 383 1140 res
416 1103 477 1141 avi
506 1104 564 1141 tui
591 1118 802 1157 prosperas,
838 1102 1124 1143 acerbissimum
1154 1102 1237 1150 ejus

108 1150 216 1190 diem
242 1166 468 1206 supremum
495 1158 645 1207 malim,
673 1172 792 1210 quam
819 1159 868 1196 L.
901 1158 1037 1197 Cinnae
1061 1155 1237 1194 domina-

111 1211 212 1254 tum,
233 1221 257 1246 a
274 1222 352 1261 quo
371 1211 436 1249 ille
453 1212 713 1251 crudelissime
731 1221 787 1251 est
803 1212 1036 1251 interfectus.

164 1261 242 1298 Sed
260 1264 355 1314 quid
376 1265 546 1304 oratione
568 1274 606 1304 te
631 1267 783 1305 flectam
801 1269 818 1305 Ρ
849 1267 891 1305 Si
909 1266 1013 1304 enim
1037 1264 1163 1302 exitus
1184 1263 1231 1302 C.

109 1312 270 1354 Caesaris
288 1317 434 1357 efficere
462 1320 535 1358 hoc
558 1333 636 1358 non
658 1328 796 1372 potest,
824 1328 869 1358 ut
886 1320 999 1358 malis
1023 1331 1132 1357 carus
1155 1331 1237 1356 esse

107 1380 225 1418 quam
253 1372 389 1420 metui,
422 1373 520 1411 nihil
546 1377 777 1426 cujusquam
800 1374 971 1426 proficiet
1000 1385 1069 1411 nec
1095 1372 1237 1410 valebit

106 1423 248 1461 oratio:
283 1439 400 1476 quem
420 1427 488 1478 qui
516 1430 674 1467 beatum
692 1429 809 1467 fuisse
827 1435 981 1480 putant,
1013 1426 1143 1464 miseri
1161 1426 1236 1477 ipsi

106 1484 207 1514 sunt.
238 1479 384 1519 Beatus
415 1490 470 1519 est
499 1495 627 1529 nemo,
660 1483 728 1535 qui
758 1483 803 1521 ea
832 1484 915 1533 lege
941 1481 1049 1528 vivit,
1080 1487 1125 1518 ut
1155 1493 1234 1518 non

103 1531 220 1570 modo
248 1532 421 1585 impune,
454 1536 519 1574 sed
552 1537 667 1575 etiam
691 1550 780 1575 cum
806 1537 960 1575 summa
983 1534 1233 1573 interfectoris

101 1584 238 1634 gloria,
254 1587 414 1627 interfici
425 1591 554 1640 possit.
576 1591 708 1639 Quare
723 1592 830 1629 flecte
842 1599 894 1637 te,
908 1603 1052 1642 quaeso,
1067 1589 1234 1638 etmajo-

100 1651 160 1677 res
174 1647 260 1679 tuos
279 1642 447 1694 respice;
479 1652 595 1696 atque
609 1646 663 1684 ita
681 1648 854 1696 guberna
872 1643 1168 1696 rempublicam,
1185 1650 1229 1681 ut

102 1700 240 1733 natum
259 1709 337 1734 esse
355 1704 393 1735 te
411 1698 509 1737 cives
533 1699 590 1737 tui
609 1700 827 1751 gaudeant:
859 1699 940 1737 sine
959 1711 1036 1750 quo
1055 1710 1124 1736 nee
1141 1699 1233 1735 bea-

101 1753 166 1786 tus
185 1761 254 1788 nec
272 1750 398 1790 clarus
417 1765 497 1791 esse
516 1753 722 1805 quisquam
741 1761 876 1805 potest.

156 1802 252 1841 XV.
281 1804 337 1843 Et
353 1807 489 1857 populi
504 1808 661 1859 quidem
673 1809 843 1846 Romani
855 1807 1000 1858 judicia
1011 1806 1136 1844 multa
1147 1818 1232 1844 am-

102 1856 153 1894 bo
168 1856 332 1907 habetis,
359 1856 501 1911 cluibus
527 1875 593 1900 vos
611 1875 689 1900 non
716 1862 806 1900 satis
826 1861 984 1909 moveri,
1004 1861 1231 1912 permoleste

104 1909 198 1949 fero-
229 1912 339 1960 Quid
359 1914 478 1962 enim,
499 1916 787 1967 gladiatoribus,
809 1917 992 1955 clamores
1009 1915 1234 1952 innumera-

103 1964 244 2003 bilium
263 1967 406 2005 civium
424 1971 442 2007 ’ἓ
474 1970 568 2021 quid
586 1971 722 2022 populi
734 1969 968 2009 concursus?
998 1969 1093 2020 quid
1113 1969 1233 2006 Pom-

101 2018 179 2069 peii
198 2027 333 2059 statuae
351 2023 510 2073 plausus
539 2024 680 2063 infiniti
695 2028 712 2064 ‚⁹
742 2025 837 2076 quid
855 2024 900 2062 iis
923 2023 1086 2061 tribunis
1104 2022 1227 2073 plebis

99 2072 171 2121 qui
200 2075 307 2113 vobis
327 2077 610 2117 adversantur?
639 2092 828 2130 parumne
852 2079 934 2116 haec
965 2076 1231 2128 significabant

103 2124 376 2169 incredibiliter
407 2133 704 2171 consentientem
723 2133 858 2185 populi
878 2131 1048 2171 Romani
1065 2129 1233 2168 universi

106 2179 342 2222 voluntatem
361 2187 379 2223 ἓ
409 2185 552 2233 Quid?
588 2187 879 2238 Apollinarium
911 2185 1092 2224 ludorum
1119 2184 1231 2236 plau-
