1509 2397
432 504 562 551 PRO
599 504 659 563 Q.
695 503 997 552 LIGARIO.

206 643 242 682 Ι.
269 642 453 682 Novum
469 644 626 693 crimen,
649 644 719 683 Cai
731 644 872 690 Caesar,
886 652 923 683 et
942 651 1029 682 ante
1048 644 1152 682 hunc
1171 643 1274 683 diem

152 697 386 746 inauditum,
406 699 645 750 propinquus
669 711 778 737 meus
805 699 853 736 ad
872 706 922 746 te,
948 699 1000 745 Q.
1018 698 1188 745 Tubero,
1210 699 1277 736 de-

152 752 256 799 tulit,
278 751 330 799 Q.
351 752 553 802 Ligarium
571 753 612 790 in
627 752 764 791 Africa
781 753 897 791 fuisse
913 767 922 790 ε
944 753 1059 804 idque
1076 753 1118 791 C.
1134 753 1275 799 Pansa,

153 806 350 857 praestanti
378 807 436 844 vir
455 806 622 857 ingenio,
642 806 761 845 fretus
780 807 935 844 fortasse
955 807 1000 845 ea
1018 806 1276 845 familiaritate

154 873 243 911 quae
273 866 330 897 est
359 859 393 898 ei
417 868 558 909 tecum,
579 874 694 898 ausus
723 868 778 899 est
807 861 988 899 confiteri.
1022 862 1175 912 Itaque,
1201 872 1279 911 quo

153 926 218 951 me
236 921 396 960 vertam,
416 915 567 959 nescior,
597 922 752 966 paratus
768 915 870 952 enim
890 927 1083 961 veneram,
1106 918 1212 958 (cum
1236 921 1278 951 tu

153 967 196 1009 id
220 980 345 1019 neque
363 981 432 1019 per
450 975 487 1006 te
506 969 631 1015 scires,
653 981 778 1020 neque
803 969 933 1006 audire
952 969 1106 1007 aliunde
1134 968 1280 1019 potuis-

155 1028 230 1069 ses)
262 1029 307 1059 ut
330 1021 567 1073 ignoratione
594 1022 663 1060 tua
697 1023 746 1060 ad
770 1023 938 1061 hominis
966 1023 1095 1061 miseri
1117 1023 1280 1060 salutem

155 1077 355 1114 abuterer:
386 1076 465 1124 sed,
486 1077 669 1127 quoniam
695 1077 895 1127 diligentia
913 1077 1059 1115 inimici
1075 1076 1281 1127 investiga-⁷

154 1135 241 1167 tum
260 1136 330 1178 est,
357 1130 469 1181 quod„
483 1131 639 1179 latebat,
667 1131 926 1169 confitendum
953 1139 1022 1178 est,
1053 1138 1098 1169 ut
1122 1130 1279 1181 opinor;

156 1184 368 1235 praeserthn
394 1197 484 1222 cum
509 1197 618 1222 meus
637 1185 883 1231 necessarius,
909 1185 955 1223 C.
975 1186 1116 1233 Pansa,
1137 1184 1280 1231 fecerit,

156 1245 207 1275 ut.
218 1237 260 1275 id
271 1238 354 1286 jam
372 1237 567 1289 integrum
585 1251 663 1276 non
682 1246 802 1276 esset:
834 1239 1050 1290 omissaque
1070 1245 1284 1276 controver-

159 1291 229 1339 sia,
249 1291 375 1329 omnis
400 1292 519 1330 oratio
539 1292 588 1330 ad
605 1292 905 1330 misericordiam
924 1300 1033 1330 tuam
1058 1291 1285 1330 conferenda

158 1352 240 1391 est3
270 1359 347 1396 qua
365 1345 525 1396 plurimi
543 1353 633 1383 sunt
651 1347 872 1406 conservati,
894 1360 983 1384 cum
1003 1360 1026 1383 a
1043 1353 1081 1384 te
1094 1359 1172 1384 non
1190 1345 1286 1384 libe-

158 1399 346 1437 rationem
365 1400 502 1450 culpae,
524 1399 589 1437 sed
607 1399 722 1438 errati
740 1400 906 1447 veniam,
926 1400 1242 1451 impetravissent.

112 1485 123 1492 „
167 1491 171 1495 ,
216 1446 380 1491 Η31185
369 1453 501 1504 igitur,
525 1453 697 1502 Tubero,
726 1454 847 1505 (quod
873 1462 927 1492 est
950 1454 1157 1492 accusatori
1176 1466 1288 1491 max-

160 1501 239 1545 11118
247 1507 486 1558 optandum)
503 1507 745 1546 confitentem
757 1521 880 1555 reum,
896 1508 961 1546 sed
979 1518 1107 1546 tamen
1127 1507 1181 1545 ita
1199 1520 1289 1546 con-

161 1553 349 1611 fitentem,
370 1574 409 1599 se
433 1561 475 1599 in
494 1575 539 1599 ea
558 1569 666 1613 parte
684 1561 816 1610 fuisse,
837 1576 917 1614 qua
935 1569 987 1609 te,
1014 1562 1188 1608 Tubero,
1210 1574 1290 1612 qua.

161 1614 291 1660 virum
320 1616 427 1653 omni
455 1615 571 1653 laude
600 1615 795 1666 dignum,
803 1624 953 1667 patrem
985 1623 1112 1654 tuum.
1149 1616 1290 1666 Itaque

161 1668 271 1720 prius
289 1668 336 1716 de
350 1677 473 1716 vestro
492 1669 628 1708 delicto
639 1670 909 1718 confiteamini,
924 1683 1072 1710 necesse
1085 1676 1155 1718 est,
1169 1682 1290 1721 quam

163 1722 313 1774 Ligarii
330 1724 453 1761 ullam
470 1724 627 1775 culpam
646 1724 941 1776 reprehendatis.

175 1818 178 1821 Δ
218 1777 270 1825 Q.
287 1777 390 1816 enim
410 1778 603 1829 Ligarius,
622 1792 712 1817 cum
731 1785 826 1816 esset
840 1778 966 1816 adhuc
984 1779 1094 1820 nulla
1111 1777 1204 1816 belli
1222 1790 1287 1815 su-

163 1830 296 1883 spicio,
316 1832 465 1882 legatus
483 1832 523 1869 in
535 1832 713 1871 Africam
731 1846 820 1871 cum
841 1832 886 1871 C.
907 1832 1088 1871 Considio
1101 1831 1293 1883 profectus

166 1892 245 1923 est:
277 1886 356 1937 qua
373 1885 414 1923 in
437 1886 639 1936 legatione,
667 1894 704 1925 et
722 1886 868 1925 civibus
888 1893 926 1928 et
945 1887 1054 1926 sociis
1072 1886 1126 1924 ita
1146 1898 1185 1923 se
1203 1898 1302 1936 pro->¹

164 1939 285 1987 bavit,
304 1947 350 1978 ut
367 1939 550 1978 decedens
566 1940 770 1979 Considius
788 1941 983 1991 provincia
1002 1940 1213 1979 satisfacere
1225 1939 1296 1976 ho-

166 1993 337 2032 minibus
362 2006 440 2031 non
462 2002 603 2045 posset,
625 1995 657 2032 si
683 2008 922 2046 quemquam
942 1995 1063 2033 31111111
1087 1992 1295 2046 provinciae

167 2047 405 2098 praefecisset.
434 2048 574 2100 Itaque
593 2048 645 2110 Q.
667 2048 847 2100 Ligarius
873 2053 994 2097 (cum,
1015 2048 1083 2085 diu
1101 2059 1292 2108 recusans,

168 2100 267 2138 nihil
283 2101 516 2152 profecisset)
535 2103 770 2154 provinciam
796 2102 939 2154 accepit
962 2102 1131 2141 invitus·
1162 2101 1224 2138 cui
1242 2100 1296 2138 518

169 2154 347 2204 praefuit
336 2168 377 2193 m
395 2169 503 2207 pace,
514 2164 559 2195 ut
570 2164 608 2195 et
626 2157 771 2196 civibus
790 2163 827 2195 et
846 2156 954 2195 sociis
965 2155 1180 2208 gratissima
1199 2160 1296 2192 esset

172 2207 254 2258 ejus
272 2207 468 2261 integritas
479 2217 517 2250 et
535 2210 641 2251 fides.
673 2211 832 2266 Bellum
847 2210 973 2250 subito
988 2209 1154 2255 8Χ31511ς
1168 2206 1301 2259 quod,
