1509 2397
229 74 281 125 74
394 79 510 119 PRO
539 78 787 119 MILONE.
843 72 1193 118 ARGUMENT.

230 196 342 228 nocte
367 188 413 227 ea
437 188 599 227 redierat
624 189 808 236 Romam,
838 187 917 239 qua
944 187 1101 225 incensa
1118 194 1199 225 erat
1222 186 1359 233 curia:

229 245 460 295 petebatque
484 242 605 281 nihilo
630 242 797 280 deterius
816 242 1084 286 consulatum3
1114 248 1243 292 aperte
1260 253 1357 293 quo-

232 311 309 350 que
326 298 502 336 tributim
521 297 561 335 in
588 297 759 348 singulos
777 296 901 333 millia
919 295 1061 334 assium
1080 295 1246 333 dederat-

286 351 518 390 Concionem
556 351 671 389 etiam
699 350 733 388 ei
762 358 849 401 post
878 350 1026 401 aliquot
1061 349 1142 387 dies
1163 349 1271 387 dedit
1293 348 1356 387 M.

232 405 394 454 Coelius,
418 406 597 444 tribunus
621 405 758 456 plebis,
778 412 817 442 et
836 404 1026 442 Manilius
1045 403 1255 451 Gauianus,
1275 404 1358 453 ejus

231 461 400 511 eollega;
430 459 626 511 ipsiusque
654 471 809 497 causam
840 458 955 496 etiam
974 458 1023 496 ad
1050 458 1242 509 populum
1269 470 1359 508 pro-

230 515 385 553 babant.
436 513 628 552 Dicebant
655 513 823 564 utrique,
850 512 995 550 Miloni
1023 525 1060 558 a,
1071 511 1208 551 Clodio
1239 511 1359 550 factas

231 581 311 607 esse
322 568 489 606 insidias.

286 622 452 660 Fiebant
465 623 609 660 interea
623 621 688 659 alii
707 633 755 659 ex
771 619 855 658 aliis
873 620 1092 672 interreges,
1112 620 1181 672 qui
1205 619 1361 658 comitia

234 676 463 724 consularia,
483 683 637 727 propter
657 688 790 713 eorum
809 674 1098 713 candidatorum
1117 674 1309 712 tumultus
1323 680 1362 712 et

232 730 384 769 easdem
400 742 539 768 manus
554 738 731 777 armatas,
752 728 892 767 habere
906 741 982 767 non
1001 735 1200 781 poterant:
1230 728 1361 780 itaque

231 785 358 836 primo
369 785 515 823 factum
532 791 612 822 erat
627 785 665 822 S.
681 783 742 831 C.,
759 790 803 821 ut
821 783 1002 831 interrex,
1016 790 1053 821 et
1064 782 1210 821 tribuni
1220 782 1360 834 plebis,

231 846 269 877 et
289 839 361 878 Cn.
384 838 610 890 Pompeius,
644 838 712 889 qui
737 850 807 889 pro
839 837 993 875 consule
1018 837 1068 875 ad
1091 837 1239 876 Urbem
1265 844 1359 885 erat,

230 892 402 931 viderent
421 905 469 931 ne
500 892 594 944 quid
613 892 832 930 detrimenti
849 891 1065 942 respublica
1092 898 1266 943 caperet;
1296 890 1362 930 de-

232 947 354 985 lectus
374 954 503 985 autem
517 946 726 997 Pompeius
745 944 825 984 tota
844 945 959 983 Italia
970 946 1140 984 haberet.
1169 945 1253 993 Qui
1271 957 1362 984 cum

232 1001 388 1039 summa
403 1001 591 1039 celeritate
609 999 831 1051 praesidium
854 1000 1123 1050 comparasset,
1143 999 1363 1051 postulave-

230 1063 323 1093 runt
343 1054 447 1106 apud
470 1067 559 1093 eum
577 1054 765 1092 familiam
787 1053 962 1100 Milonis,
985 1053 1080 1091 item
1106 1053 1261 1092 Faustae
1286 1067 1362 1092 ux-

231 1110 307 1147 oris
326 1111 422 1158 ejus,
444 1108 715 1155 exhibendam,
737 1108 815 1146 duo
836 1107 1122 1155 adolescentuli,
1143 1107 1213 1159 qui
1237 1107 1364 1159 Appii

234 1163 391 1201 Claudii
423 1164 538 1200 ambo
569 1163 876 1214 appellabantur,
903 1162 971 1213 qui
1003 1169 1111 1200 erant
1141 1162 1186 1200 C.
1207 1161 1363 1201 Claudii

232 1217 318 1265 filii,
340 1217 408 1268 qui
426 1217 542 1255 frater
566 1216 691 1254 fuerat
713 1215 840 1254 Clodii
856 1230 868 1261 3
899 1224 936 1253 et
953 1217 1002 1254 ob
1021 1215 1061 1253 id
1079 1215 1138 1253 illi
1155 1215 1285 1267 patrui
1303 1215 1364 1254 sui

231 1279 411 1317 mortem,
433 1271 538 1309 velut
563 1278 715 1308 auctore
743 1270 874 1317 fratre,
895 1271 1234 1322 persequebantur.
1262 1270 1363 1308 Eas-

230 1325 321 1363 dem
347 1325 502 1363 Faustae
521 1332 558 1363 et
584 1324 747 1362 Milonis
777 1324 944 1362 familias
966 1324 1258 1376 postulaverunt
1283 1323 1363 1363 duo

231 1379 394 1426 Valerii,
416 1379 549 1430 Nepos
578 1385 615 1416 et
635 1378 731 1427 Leo,
753 1385 790 1416 et
811 1377 860 1416 L.
882 1377 1106 1417 Herennius
1120 1378 1281 1417 Balbus.
1312 1378 1360 1416 P.

233 1433 361 1472 Clodii
380 1446 533 1486 quoque
555 1432 759 1479 familiam,
777 1439 812 1470 et
832 1432 1016 1470 comitum
1037 1433 1135 1482 ejus,
1155 1431 1364 1484 postulavit

233 1487 366 1526 eodem
397 1495 569 1539 tempore
603 1486 773 1532 Coelius;
809 1485 999 1524 familiam
1030 1486 1207 1538 Hypsaei,
1241 1494 1279 1526 et
1309 1485 1362 1535 Q.

234 1541 402 1589 Metelli,
424 1541 616 1580 Manilius
636 1540 848 1587 Canianus,
869 1541 951 1589 ejus
970 1540 1127 1591 collega.

285 1596 499 1634 Affiierunt
517 1595 660 1633 Miloni
686 1594 738 1642 Q.
769 1594 1015 1642 Hortensius,
1037 1594 1098 1632 Μ.
1121 1594 1269 1642 Cicero,
1298 1593 1363 1633 M.

232 1649 468 1697 Marcellus,·
481 1649 542 1687 M.
575 1648 762 1695 Calidius,
797 1648 858 1686 Μ.
889 1648 1001 1696 Cato,
1036 1648 1206 1687 Faustus
1238 1648 1359 1700 Sylla.

229 1704 370 1743 Verba
380 1717 503 1755 pauca
521 1703 574 1751 Q.
595 1702 826 1741 Hortensius
847 1701 961 1749 dixit,
989 1715 1078 1754 quae
1096 1711 1199 1750 sunt,
1219 1702 1359 1741 liberos

231 1770 312 1796 esse
326 1771 402 1805 θος,
419 1757 487 1809 qui
505 1771 575 1808 pro
594 1756 709 1795 servis
727 1756 1034 1808 postularentur:
1065 1769 1172 1804 nam,
1192 1765 1279 1808 post
1298 1769 1358 1795 re-

230 1818 379 1850 centem
395 1811 551 1859 caedem,
563 1810 839 1849 manumiserat
853 1822 917 1849 eos
929 1810 1046 1860 Milo,
1060 1813 1132 1850 sub
1143 1810 1218 1849 hoc
1227 1811 1357 1860 titulo,

231 1865 337 1918 quod
356 1874 470 1916 caput
489 1879 603 1903 suum
623 1864 695 1903 ulti
715 1872 849 1903 essent.

286 1920 384 1958 Haec
396 1921 607 1970 agebantur
617 1931 748 1957 mense
758 1918 983 1957 intercalari.
1015 1918 1110 1957 Post
1123 1919 1226 1958 diem
1241 1919 1360 1970 trige-

231 1974 374 2014 simum
392 1973 483 2019 fere,
503 1986 622 2025 quam
638 1981 718 2011 erat
736 1973 896 2012 Clodius
913 1972 1074 2020 occisus,
1096 1973 1148 2021 Q.
1171 1973 1359 2012 Metellus

229 2028 358 2079 Scipio
374 2027 416 2065 in
431 2035 563 2066 senatu
579 2034 708 2066 contra
720 2027 781 2065 M.
799 2026 1022 2078 Caepionem
1041 2035 1272 2079 conquestus
1288 2034 1358 2075 aet,

229 2095 273 2122 ac
287 2083 335 2120 de
353 2082 455 2120 caede
475 2081 519 2118 P.
537 2081 663 2120 Clodii
679 2081 820 2120 falsum
841 2094 923 2120 esse
941 2080 1041 2119 dixit
1060 2081 1164 2133 quod
1185 2081 1288 2120 Milo
1306 2081 1361 2120 sic

214 2150 269 2177 'se
293 2135 531 2180 defenderet3
563 2143 599 2173 et
625 2135 807 2175 Clodium
830 2135 1010 2174 Aricinos
1027 2135 1250 2175 decuriones
1263 2135 1359 2175 allo-

228 2190 374 2244 quendi
383 2188 506 2242 grafia
524 2190 672 2237 abiisse,
693 2189 908 2241 profectum
923 2201 1016 2228 cum
1036 2202 1103 2229 sex
1118 2203 1162 2230 ac
1181 2189 1265 2230 XX
1281 2202 1360 2229 ser-
