1509 2397
555 475 782 518 ORATIO
813 478 902 516 LV.

445 749 513 796 IN
548 749 618 796 M.
656 750 911 798 ANTONI
925 749 1027 798 UH

449 871 676 921 Philippica
711 872 1006 909 Tertiadoeima.

645 1016 796 1050 -Φ-

502 1157 949 1197 ARGUMENTUM.

162 1264 360 1304 Sententia
389 1264 437 1304 de
459 1265 657 1304 mittendis
688 1266 830 1304 iterum
858 1265 993 1317 legatis
1015 1267 1098 1316 jam
1124 1265 1287 1317 abjecta,

161 1332 294 1371 pacem
312 1320 472 1365 laudat;
502 1320 568 1358 sed
599 1333 684 1358 eam
703 1334 794 1359 cum
818 1320 993 1358 Antonio
1018 1328 1133 1371 negat
1162 1321 1285 1359 ullam

159 1387 240 1412 esse
264 1387 388 1425 posse.
415 1374 569 1412 Recitat
597 1382 634 1412 et
664 1375 934 1426 interpretatur
954 1374 1121 1412 Antonii
1141 1375 1285 1423 literas,

161 1428 211 1466 ad
231 1428 408 1466 Hirtium
428 1428 696 1480 Caesaremque
714 1429 859 1467 missas.
891 1429 1041 1467 Servilii
1060 1429 1287 1467 sententiam

159 1484 297 1534 probat
315 1482 364 1520 de
393 1483 586 1521 mandatis
604 1483 800 1535 literisque
820 1483 880 1521 M.
907 1483 1062 1534 Lepidi,
1083 1483 1132 1521 ad
1150 1496 1286 1534 pacem

159 1536 403 1575 cohortantis.
433 1538 537 1575 Sext.
555 1538 802 1589 Pompeium,
817 1537 921 1589 quod
935 1550 1060 1585 suam,
1075 1549 1287 1588 eorumque

159 1604 257 1643 quos
275 1603 406 1629 secum
423 1591 594 1639 haberet,
615 1605 771 1643 operam
797 1592 946 1630 senatui
964 1591 1184 1643 populoque
1204 1591 1287 1629 Ro-

156 1657 276 1683 mano
303 1645 496 1696 pollicitus
520 1654 628 1694 esset,
654 1646 714 1684 vel
741 1659 784 1684 eo
814 1645 1155 1684 senatus-consulto
1181 1645 1287 1697 quod

157 1699 199 1737 in
214 1699 366 1738 Servilii
380 1700 607 1738 sententiam
623 1700 671 1738 de
690 1700 831 1752 Lepidi
850 1700 967 1738 literis
984 1699 1101 1746 fieret,
1123 1700 1183 1738 vel
1197 1713 1287 1751 pro-

154 1753 253 1805 prio,
279 1753 520 1792 laudandum
547 1768 625 1793 esse
643 1762 780 1793 censet.
809 1755 863 1793 Et
881 1755 963 1792 haec
982 1756 1137 1792 absente
1156 1754 1286 1793 Pansa

156 1808 325 1855 consule,
347 1808 416 1860 qui
435 1808 484 1847 ad
503 1809 688 1860 collegam
709 1809 887 1847 Hirtium
907 1817 944 1847 et
963 1808 1169 1856 Caesarem,
1195 1821 1285 1846 cum

156 1862 203 1900 iis
222 1862 340 1915 copiis
364 1875 462 1916 quas
480 1862 562 1916 ipse
581 1876 629 1902 ex
648 1863 797 1903 delectu
817 1863 1071 1916 compararat,
1091 1862 1286 1919 profectus

158 1924 250 1956 erat.
