1509 2397
414 71 530 111 PRO
560 70 823 110 LIGARIO.
853 71 958 110 CAP.
980 71 1019 108 3.
1200 70 1278 108 153

155 177 218 218 Μ.
239 178 371 219 Cicero
395 180 500 232 apud
527 187 567 219 te
597 179 781 228 defendit,
802 180 923 218 alium
948 180 989 217 in
1015 192 1061 218 ea
1085 178 1282 217 voluntate

153 245 232 272 non
250 233 406 281 fuisse,
394 248 436 272 111
455 248 535 286 qua
548 234 716 286 seipsum
734 234 935 272 confitetur
946 233 1090 278 111155ος
1111 246 1181 271 nee
1195 240 1282 272 tuas

153 288 286 326 tacitas
301 288 545 339 cogitationes
565 288 803 334 extimescit3
834 300 917 335 nec,
933 287 1029 339 quid
1044 287 1127 334 tibi,
1141 287 1189 325 de
1207 286 1282 324 aiio

154 341 340 390 audienti,
345 320 409 381 ode
428 356 466 381 se
483 343 566 394 ipso
585 350 771 390 occurrat,
792 342 1025 380 reformidat.

210 395 294 434 III.
324 396 440 441 Vide,
462 410 582 448 quam
606 409 684 435 non
709 396 979 434 reformidem:
1010 395 1110 440 vide,
1138 403 1284 446 quanta

154 449 227 488 lux
255 450 492 489 liberalitatis
526 459 562 489 et
587 450 782 502 sapientiae
809 458 887 488 tuae
910 450 1008 487 mihi
1040 448 1144 500 apud
1167 456 1203 486 te
1225 448 1283 485 di-

154 503 255 542 centi
282 504 487 543 oboriatur.
526 505 730 553 Quantum
752 514 898 556 potero,
921 517 1009 542 voce
1038 502 1281 548 contendam,

155 565 202 600 ut
218 559 386 610 populus
404 559 475 597 hoc
502 560 705 597 Romanus
731 558 922 597 exaudiat.
963 559 1146 608 Suscepto
1165 557 1281 603 bello,

156 611 299 662 Caesar,
315 621 422 664 gesto
441 614 556 652 etiam
572 627 619 651 ex
637 613 781 664 magna
800 621 920 664 parte,
935 613 1045 649 nulla
1065 612 1103 648 vi
1117 618 1282 660 coactus,

152 666 298 716 judicio
323 680 366 705 ac
390 668 586 706 voluntate
605 667 654 706 ad
673 680 716 705 ea
735 680 841 704 arma
859 666 1050 718 profectus
1069 678 1170 713 sum,
1198 678 1286 716 quae

155 728 264 758 erant
282 729 412 759 sumta
430 729 562 760 contra
580 730 630 760 te.
659 721 784 772 Apud
803 734 920 772 quem
939 721 1057 771 igitur
1074 720 1147 757 hoc
1165 719 1249 757 dieo
1264 721 1282 757 ’ἓ

155 786 296 826 nempe
321 776 426 826 apud
444 790 548 824 eum,
579 776 661 828 qui,
686 789 776 814 cum
798 775 870 813 hoc
894 775 1016 821 sciret,
1045 782 1175 812 tamen
1203 785 1282 820 me,

155 835 364 880 antequam
385 830 494 878 vidit,
518 830 740 892 reipublicae
764 829 954 875 reddidit,
943 843 952 852 ·
985 828 1053 880 qui
1078 827 1127 865 ad
1149 840 1213 865 me
1236 839 1286 871 ex

154 882 332 934 AEgypto
355 883 484 923 literas
508 884 628 932 misit,
649 892 693 922 ut
719 897 839 922 essem
864 883 982 944 idem,
1003 882 1070 934 qui
1095 881 1282 926 fuissem3

152 937 236 987 qui,
257 950 348 975 cum
372 937 453 989 ipse
477 938 683 989 imperator
707 938 748 975 in
767 945 846 976 toto
864 937 1025 988 imperio
1043 936 1179 988 populi
1200 937 1283 974 Ro-

151 991 261 1028 mani
279 1005 381 1030 unus
400 1000 511 1041 esset,
528 1005 608 1030 esse
625 1005 689 1030 me
709 993 874 1030 alterum
893 1004 1029 1043 passus
1049 998 1130 1036 est;
1152 1003 1175 1027 a
1189 1002 1282 1041 quo,

140 1044 255 1088 ‚hoc
244 1058 327 1097 ipso
347 1046 392 1085 C,
414 1047 543 1085 Pansa
566 1047 665 1085 mihi
683 1046 865 1084 nuntium
884 1046 1111 1098 perferente,
1133 1056 1284 1090 eonces-

141 1111 215 1143 ,sos
243 1100 362 1138 fasces
392 1100 582 1139 laureatos
604 1101 726 1149 tenui,
751 1100 879 1152 quoad
910 1099 1094 1138 tenendos
1120 1098 1280 1149 putavi:

153 1153 224 1204 qui
251 1154 350 1192 mihi
379 1162 465 1193 tum
492 1155 660 1207 denique
688 1168 726 1193 se
749 1155 912 1192 salutem
941 1153 1092 1205 putavit
1118 1153 1222 1201 dare,
1252 1153 1285 1191 si

156 1220 242 1247 eam
261 1208 379 1247 nullis
397 1209 600 1260 spoliatam
619 1208 853 1247 ornamentis
873 1208 1048 1246 dedisset.

211 1261 328 1311 Vide,
357 1276 502 1313 quaeso,
532 1263 707 1309 Tubero,
728 1270 786 1311 ut,
811 1263 880 1314 qui
907 1262 955 1300 de
979 1274 1066 1300 meo
1091 1261 1190 1299 facto
1209 1273 1288 1299 non

154 1313 330 1354 dubitem
349 1316 485 1365 dicere,
501 1317 549 1355 de
568 1317 717 1368 Ligarii
730 1329 807 1354 non
820 1316 984 1354 audeam
999 1315 1180 1354 confiteri.
1210 1315 1288 1359 At-

158 1382 235 1420 que
252 1370 334 1408 haec
352 1378 553 1422 propterea
567 1371 614 1409 de
628 1384 692 1409 me
710 1370 806 1418 dixi,
826 1378 871 1408 ut
888 1370 987 1407 mihi
1005 1369 1177 1416 Tubero,
1198 1382 1288 1414 cum

156 1423 205 1462 de
224 1437 263 1462 se
282 1424 415 1462 eadem
434 1424 612 1473 dicerem,
626 1425 835 1475 ignosceret
850 1439 860 1462 :
882 1426 991 1473 cujus
1006 1435 1076 1474 ego
1090 1423 1288 1462 industriae

156 1477 366 1530 gloriaeque
390 1478 513 1527 faveo,
541 1480 602 1518 vel
624 1486 778 1530 propter
803 1478 1062 1530 propinquam
1093 1477 1287 1528 cognatio-

158 1543 264 1579 nem,
286 1533 347 1570 vel
378 1533 484 1584 quod
507 1534 590 1582 ejus
619 1533 772 1584 ingenio
792 1533 1004 1583 studiisque
1032 1531 1210 1579 delector,
1230 1531 1292 1570 vel

157 1586 263 1637 quod
280 1586 438 1625 laudem
463 1587 710 1625 adolescentis
737 1586 946 1638 propinqui
968 1586 1145 1624 existimo
1171 1586 1287 1624 etiam

155 1639 207 1678 ad
220 1653 353 1678 meum
365 1641 534 1693 aliquem
545 1640 952 1679 fructum‘redundare.
975 1639 1050 1678 Sed
1061 1640 1132 1678 hoc
1141 1652 1286 1691 quaero,

157 1693 246 1745 quis
269 1702 380 1745 putet
402 1708 482 1734 esse
506 1695 665 1756 crimen,
690 1694 809 1733 fuisse
830 1695 872 1732 in
890 1694 1030 1732 Africa
1056 1694 1290 1745 Ligarium?

158 1748 316 1800 Nempe
333 1749 379 1797 is,
400 1749 470 1801 qui
488 1756 524 1787 et
542 1749 600 1800 ips
604 1762 623 1787 e
641 1749 683 1786 in
702 1749 838 1787 eadem
848 1749 987 1786 Africa
1006 1761 1084 1786 esse
1098 1748 1235 1797 voluit,
1251 1755 1289 1786 et

157 1802 397 1853 prohibitum
416 1817 456 1842 se
474 1817 498 1841 3
516 1803 674 1854 Ligario
693 1803 879 1854 queritur,
901 1810 938 1841 et
956 1810 1055 1841 certe
1074 1810 1204 1840 contra
1227 1802 1288 1853 ip-

158 1869 248 1895 sum
273 1857 466 1896 Caesarem
492 1865 547 1895 est
569 1869 791 1918 congressus
820 1865 1001 1895 armatus.
1039 1856 1148 1904 Quid
1167 1856 1286 1904 enim,

159 1909 332 1959 Tubero,
352 1911 552 1949 destrictus
565 1911 631 1949 ille
649 1919 739 1959 tuus
753 1911 794 1949 in
808 1911 887 1949 acie
899 1911 1121 1948 Pharsaiica
1135 1910 1287 1961 gladius

160 1966 329 2015 agebat?
359 1967 469 2015 cujus
486 1966 589 2003 latus
606 1965 672 2003 ille
697 1978 831 2004 mucro
848 1966 1041 2016 petebat?
1071 1963 1140 2015 qui
1158 1977 1290 2011 sensus

159 2026 240 2056 erat
256 2031 454 2059 armorum
467 2022 659 2058 tuorum?
689 2033 777 2070 quae
790 2027 858 2057 tua
872 2022 1013 2057 mens?
1041 2018 1176 2057 oculi?
1205 2031 1290 2056 ma-

162 2075 267 2111 nus?
303 2073 415 2111 ardor
438 2073 590 2112 animi?
619 2073 716 2134 quid
738 2073 946 2125 cupiebas?
976 2072 1073 2124 quid
1095 2073 1286 2123 optabas?

163 2125 294 2165 Nimis
311 2140 454 2179 urgeo.
476 2127 708 2166 commoveri
720 2127 870 2166 videtur
889 2126 1131 2169 adolescens.
1161 2125 1288 2166 adme

162 2186 349 2220 revertar:
358 2158 539 2231 ”iisdem
528 2194 569 2220 m
587 2181 705 2223 armis
723 2181 793 2221 fui.
