1509 2397
359 82 473 122 PRO
503 82 750 121 MILONE.
780 85 885 122 CM».
916 85 982 122 24.
1154 80 1232 120 103

104 191 238 243 populi
257 191 426 229 Romam
444 203 565 237 arma,
586 191 849 229 commiserat.
881 190 942 230 cui
964 202 1164 241 nunquam
1185 202 1223 227 se

107 245 169 284 hic
186 245 354 296 profecto
385 244 612 291 tradidisset,
644 244 717 282 nisi
747 258 869 283 causae
888 259 966 283 suae
992 244 1222 288 confideret3

106 298 312 360 praesertim
343 298 473 336 omnia
491 298 674 345 audienti,
703 310 845 349 magna
870 298 1070 345 metuenti,
1101 298 1225 335 multa

105 352 322 403 suspicanti,
342 352 529 390 nonnulla
547 352 725 390 credenti.
766 352 916 404 Magna
935 352 990 390 vis
1009 359 1064 389 est
1083 351 1225 390 consci-

105 406 230 454 entiae,
251 405 414 456 judices,
445 414 482 444 et
502 416 644 457 magna
668 406 709 443 in
739 414 942 458 utramque
973 413 1122 457 partem
1138 419 1148 450 ;
1179 412 1224 442 ut

105 472 230 512 neque
262 460 435 507 timeant,
467 460 536 511 qui
563 460 661 498 nihil
691 460 973 505 commiserint;
1006 466 1042 498 et
1069 471 1222 510 poenam

104 526 253 565 semper
271 521 359 552 ante
377 514 505 552 oculos
524 514 663 551 versari
681 522 831 565 putent,
852 515 920 565 qui
937 512 1138 565 peccarint.

160 568 300 619 Neque
319 580 407 605 vero
432 567 513 605 sine
531 568 676 606 ratione
695 569 796 606 certa
815 581 928 606 causa
947 568 1108 606 Milonis
1124 580 1224 606 sem-

105 634 173 673 per
191 635 214 659 a
231 628 366 659 senatu
384 623 544 672 probata
563 629 629 659 est.
659 621 855 660 videbant
873 622 975 660 enim
995 621 1225 673 sapientissi-

103 676 160 713 mi
176 675 351 714 homines
370 675 460 714 facti
474 675 673 720 rationem,
693 676 934 727 praesentiam
947 676 1080 721 animi,
1095 675 1227 714 defen-

103 730 217 768 sionis
237 730 501 768 constantiam.
543 730 614 767 An
631 743 719 768 vero
737 730 846 768 obliti
864 731 964 777 estis,
986 730 1147 780 judices,
1168 742 1227 768 re-

103 783 201 822 centi
220 783 287 821 illo
313 784 448 821 nuntio
467 783 567 821 necis
587 783 796 831 Clodianae,
816 797 895 823 non
913 784 1029 822 modo
1047 784 1222 822 inimico-

103 851 191 875 rum
211 837 373 875 Milonis
387 849 578 875 sermones
592 845 629 875 et
648 838 857 889 opiniones,
872 838 936 876 sed
947 838 1223 878 nonnullorum

102 891 218 930 etiam
229 891 521 942 imperitorum?
543 892 584 929 N
587 893 749 942 egabant
764 900 853 930 eum
865 893 1034 930 Romam
1047 905 1126 930 esse
1137 892 1224 930 red-

101 945 260 984 iturum.
301 945 390 984 Sive
419 946 521 983 enim
546 945 645 983 illud
675 946 804 984 animo
828 947 924 984 irato
944 960 986 984 ac
1005 946 1148 998 percito
1166 946 1223 984 fe-

101 999 223 1046 cisset,
236 1006 281 1038 ut
294 999 469 1038 incensus
483 999 570 1038 odio
582 999 814 1038 trucidaret
803 1001 1030 1046 mimicum3
1061 1001 1223 1039 arbitra-

100 1055 256 1102 bantur,
270 1067 359 1092 eum
378 1054 475 1092 tanti
493 1061 656 1092 mortem
670 1055 715 1092 P.
731 1054 858 1093 Clodii
869 1055 1036 1116 putasse,
1051 1063 1097 1093 ut
1112 1068 1224 1106 aequo

102 1107 231 1146 animo
250 1108 374 1159 patria
393 1116 548 1169 careret,
569 1121 658 1146 cum
673 1109 858 1160 sanguine
875 1109 1022 1147 inimici
1035 1109 1223 1160 explesset

101 1161 234 1199 odium
246 1175 386 1200 suum.
409 1162 486 1200 sive
501 1163 616 1205 etiam
627 1162 731 1201 illius
746 1171 868 1201 morte
886 1163 1052 1214 patriam
1063 1163 1224 1202 liberare

101 1216 294 1264 voluisset,
315 1229 392 1254 non
411 1216 678 1254 dubitaturum
691 1216 829 1255 fortem
849 1217 989 1265 virum,
1007 1217 1117 1269 quin,
1134 1230 1225 1255 cum

102 1280 176 1307 suo
202 1270 371 1321 periculo
408 1270 571 1308 salutem
601 1270 819 1321 reipublicae
849 1271 1049 1319 attulisset,
1077 1271 1224 1310 cederet

101 1336 212 1375 aequo
230 1324 360 1362 animo
377 1323 565 1376 [legibus]
581 1338 592 1369 ς
624 1337 755 1363 secum
775 1325 938 1363 auferret
950 1300 1111 1377 gloriam
1124 1338 1225 1363 sem-

101 1377 306 1428 piternam,
337 1378 447 1416 nobis
476 1378 558 1416 haec
582 1378 745 1416 fruenda
774 1380 1018 1430 relinqueret,
1040 1393 1126 1430 quae
1143 1379 1226 1430 ipse

104 1432 296 1470 servasset.
327 1431 450 1470 Multi
469 1432 582 1470 etiam
604 1432 811 1470 Catilinam
831 1440 946 1484 atque
964 1433 1031 1470 illa
1049 1440 1226 1484 portenta

104 1485 385 1536 loquebantur:
417 1486 633 1537 Erumpet3
663 1487 863 1538 occupabit
878 1487 1047 1538 aliquem
1066 1488 1221 1533 locum3

101 1540 249 1577 bellum
268 1539 401 1591 patriae
414 1540 538 1578 faciet.
568 1540 732 1579 Miseros
744 1541 937 1579 interdum
953 1541 1064 1587 cives,
1081 1541 1226 1592 optime

102 1592 151 1631 de
169 1594 364 1645 republica
383 1594 536 1632 meritos
554 1595 563 1631 !
594 1594 634 1632 in
655 1595 795 1646 quibus
820 1595 994 1633 homines
1013 1607 1091 1633 non
1110 1594 1226 1634 modo

102 1660 161 1686 1·oe
179 1647 484 1699 praeclarissimas
509 1648 799 1696 obliviscuntur,
832 1648 898 1687 sed
927 1649 1042 1687 etiam
1062 1649 1226 1688 nefarias

103 1701 354 1763 suspicantur.
383 1702 490 1753 Ergo
509 1703 576 1740 1113
595 1702 690 1741 falsa
707 1702 888 1741 fuerunt:
921 1716 1008 1754 quae
1026 1710 1125 1742 certe
1136 1716 1227 1742 vera

102 1755 345 1803 exstitissent,
366 1756 397 1794 si
413 1756 515 1795 Milo
533 1756 744 1795 admisisset
762 1756 923 1808 aliquid,
937 1757 1041 1809 quod
1051 1769 1129 1796 non
1140 1770 1230 1810 pos-

99 1816 156 1848 set
173 1809 330 1849 honeste
347 1823 510 1861 vereque
529 1810 742 1850 defendere.

156 1863 318 1903 XXIV.
349 1864 481 1912 Quid?
497 1879 584 1916 quae
602 1873 733 1916 postea
751 1872 842 1904 sunt
859 1866 900 1904 in
920 1879 1009 1904 eum
1029 1873 1220 1927 congesta,

103 1920 209 1969 (quae
227 1919 415 1969 quemvis,
437 1919 553 1957 etiam
571 1920 822 1958 mediocrium
837 1920 1063 1959 delictorum
1083 1920 1227 1958 consci-

103 1971 220 2019 entia,
250 1973 514 2034 perculissent)
541 1981 586 2012 ut
615 1973 823 2012 sustinuit!
864 1974 934 2012 Dii
962 1974 1224 2013 immortales!

103 2025 326 2065 Sustinuit?
354 2027 476 2065 immo
495 2040 598 2073 vero,
625 2035 669 2066 ut
699 2028 912 2090 contemsit,
945 2041 989 2067 ac
1017 2042 1086 2079 pro
1108 2028 1230 2073 11111110

104 2080 278 2140 putavit!
310 2094 398 2142 quae
415 2094 542 2133 neque
559 2082 732 2120 maximo
758 2082 887 2120 animo
917 2095 1070 2144 nocens,
1102 2094 1230 2133 neque

104 2132 298 2182 innocens,
310 2134 384 2173 11151
394 2135 623 2175 fortissimus
635 2136 707 2186 vir,
716 2136 908 2188 negligere
918 2137 1113 2189 potuisset.
1134 2137 1230 2176 Scu-

101 2193 243 2237 wrum,
263 2188 496 2241 gladiorum,
517 2189 730 2239 frenorum,
742 2204 966 2261 sparorum,
983 2191 1229 2243 pilorumque
