1509 2397
375 54 492 95 PRO
521 55 860 99 MARCELLO.
890 59 996 99 CAP.
1017 62 1055 98 5.
1204 60 1275 99 141

157 158 227 197 tibi
255 161 396 212 gratias
421 176 531 216 agere
552 166 734 216 gestiunt,
764 167 868 219 quod
892 168 998 207 brevi
1026 176 1196 220 tempore
1222 168 1285 206 fu-

157 219 245 270 tura
262 215 311 254 sit
328 215 396 255 illa
409 219 612 264 auctoritas
629 220 670 259 in
684 221 745 260 his
763 223 956 272 majorum
975 235 1134 260 suorum
1148 229 1186 261 et
1205 222 1284 261 suis

160 267 324 308 senibus.
821 273 826 275 ’

210 322 287 360 IV.
315 324 528 377 Equidem,
553 342 643 368 cum
672 330 717 369 C.
746 329 940 378 Marcefli,
967 329 1039 368 viri
1066 330 1217 382 optimi,
1247 338 1286 369 et

155 381 483 419 commemorabili
493 383 633 434 pietate
644 383 808 435 praediti,
828 384 1015 435 lacrymas
1035 385 1150 422 modo
1162 384 1287 423 vobis-

156 441 245 468 cum
269 432 452 481 viderem,
479 438 657 475 omnium
684 438 964 482 Marcellorum
989 451 1122 476 meum
1152 447 1286 490 pectus

155 486 341 525 memoria
373 487 578 543 [obfudit.]
613 492 768 540 Quibus
797 499 840 530 tu
871 492 986 530 etiam
1012 493 1188 539 mortuis,
1219 492 1281 530 Μ.

156 536 345 579 Marcello
358 553 590 593 conservato,
607 546 834 598 dignitatem
847 558 959 584 suam
973 546 1170 584 reddidisti
1183 560 1195 591 ;
1216 558 1286 584 no-

152 591 456 648 bilissimamque
478 598 684 647 familiam,
712 601 796 649 jam
826 599 875 638 ad
905 613 1046 651 paucos
1074 600 1282 648 redactam,

153 658 262 696 paene
281 650 330 687 ab
348 650 506 690 interitu
518 653 731 692 vindicasti.
764 654 884 692 Hunc
897 662 940 692 tu
955 655 1072 705 igitur
1087 655 1189 693 diem
1205 655 1281 693 tuis

155 701 337 742 maximis
356 712 393 742 et
411 705 756 746 innumerabilibus
775 709 1094 759 gratulationibus
1110 710 1195 758 jure
1213 721 1285 746 an-

155 760 322 806 tepones.
357 758 456 798 Haec
484 761 586 799 enim
612 775 670 800 res
692 762 808 800 unius
834 768 891 799 est
914 762 1068 813 propria
1093 762 1280 801 CaesariSt

154 816 312 859 caeterae,
333 811 429 851 duce
443 823 480 852 te
491 823 620 866 gestae,
634 828 786 867 magnae
798 816 874 854 illae
888 815 1060 867 quidem,
1075 817 1280 855 sedtamen

152 864 279 903 multo
296 878 515 919 magnoque
534 870 731 908 comitatu.
762 870 896 919 Hujus
911 878 1039 908 autem
1056 870 1110 908 rei
1125 878 1166 908 tu
1178 870 1282 909 idem

151 923 189 954 et
207 917 289 957 dux
308 932 360 969 es,
381 928 425 963 „et
440 935 597 962 comes:
630 937 716 976 quae
740 923 897 975 quidem
917 931 1026 964 ‚tanta
1051 932 1119 973 est,
1140 933 1184 962 ut
1202 933 1281 963 tro-

151 972 245 1021 paeis
261 974 586 1029 munimentisque
606 979 681 1017 tuis
701 978 866 1016 allatura
883 977 1001 1016 finem
1021 979 1068 1016 sit
1087 987 1176 1017 aetas
1203 980 1280 1021 (ni-

150 1024 208 1063 hil
227 1027 330 1066 enirn
349 1036 405 1067 est
423 1042 536 1082 opere
556 1039 623 1070 aut
641 1045 761 1071 manu
776 1032 936 1080 factum,
952 1032 1057 1083 quod
1071 1033 1279 1084 aliquando

148 1090 226 1118 non
245 1082 419 1122 conficiat
437 1092 475 1122 et
493 1095 694 1125 consumat
708 1094 893 1133 vetustas)
909 1100 919 1124 z
948 1094 989 1124 at
1004 1099 1092 1125 vero
1111 1087 1193 1125 haec
1211 1095 1279 1128 tua

145 1134 297 1183 justitia
326 1144 364 1175 et
381 1138 519 1177 lenitas
543 1141 663 1178 animi
681 1142 853 1180 florescet
875 1140 1046 1192 quotidie
1064 1142 1202 1192 magis,
1223 1142 1277 1180 ita

150 1194 209 1237 ut,
229 1198 421 1242 quantum
438 1194 616 1244 operibus
642 1195 718 1234 tuis
736 1195 966 1234 diuturnitas
985 1195 1170 1244 detrahet,
1192 1203 1278 1233 tan.-

148 1247 235 1281 tum
254 1244 387 1284 afferat
401 1247 593 1287 laudibus.
625 1249 681 1287 Et
699 1257 852 1288 caeteros
871 1249 1028 1300 quidem
1047 1261 1180 1288 omnes
1199 1249 1277 1288 vic-

148 1302 246 1335 tores
271 1299 463 1339 bellorum
482 1301 654 1341 civilium
670 1304 753 1352 jam
772 1310 860 1341 ante
879 1303 1057 1354 aequitate
1075 1311 1112 1341 et
1130 1303 1277 1342 miseri-

148 1351 278 1390 cordia.
302 1353 471 1393 viceras:
503 1355 687 1395 hodierno
713 1370 801 1395 vero
832 1357 893 1395 die
926 1364 963 1395 te
985 1357 1114 1407 ipsum
1140 1357 1274 1396 vicisti.

147 1404 308 1455 Vereor,
334 1419 384 1447 ne
412 1409 499 1457 hoc,
525 1411 629 1462 quod
657 1411 798 1460 dicam,
825 1423 903 1449 non
929 1411 1087 1462 perinde
1114 1411 1278 1463 intelligi

147 1459 283 1498 auditu
301 1462 432 1512 possit,
454 1472 569 1515 atque
587 1465 669 1517 ipse
694 1465 864 1517 cogitans
883 1465 1014 1503 sentio.
1045 1465 1178 1517 Ipsam
1198 1466 1277 1505 vic-

146 1513 286 1554 toriam
305 1515 435 1556 vicisse
454 1518 606 1566 videris,
634 1533 724 1558 cum
750 1533 806 1566 ea,
828 1533 915 1572 quae
937 1519 1005 1557 ina
1023 1528 1103 1557 erat
1121 1519 1274 1572 adepta,

145 1567 252 1607 victis
271 1570 460 1610 remisisti.
490 1572 531 1610 N
534 1586 612 1621 am,
635 1586 724 1612 cum
742 1573 862 1626 ipsius
882 1573 1046 1612 victoriae
1060 1574 1277 1613 conditione

140 1622 229 1671 jure
255 1636 388 1663 omnes
413 1625 502 1665 victi
520 1627 807 1676 occidissemus,
835 1628 1046 1666 clemenciae
1071 1635 1148 1666 tuae
1169 1628 1276 1678 judi-

145 1675 204 1715 cio
223 1680 432 1718 conservati
451 1693 596 1720 sumus.
634 1682 753 1720 Recte
774 1682 892 1734 igitur
913 1695 1015 1720 unus
1034 1681 1199 1721 invictus
1218 1696 1272 1731 es,

145 1743 169 1768 a
180 1744 259 1783 quo
273 1732 390 1772 etiam
403 1733 523 1786 ipsius
534 1735 700 1775 victoriae
720 1736 884 1775 conditio
896 1736 1030 1788 visque
1041 1735 1188 1775 devicta
1202 1744 1271 1792 est.

201 1785 252 1824 V.
282 1786 418 1839 Atque
441 1789 515 1828 hoc
545 1790 590 1829 C.
621 1790 780 1829 Caesaris
802 1790 1008 1840 judicium,
1032 1797 1159 1842 patres
1181 1803 1273 1830 con-

145 1838 288 1891 scripti,
305 1854 423 1892 quam
437 1843 514 1882 late
532 1851 674 1896 pateat,
687 1845 894 1883 attendite:
925 1857 1057 1883 omnes
1069 1844 1186 1893 enim,
1204 1845 1273 1897 qui

145 1892 196 1932 ad
220 1894 288 1932 illa
312 1907 420 1935 arma
442 1897 522 1936 fato
545 1907 679 1937 sumus
701 1899 827 1937 nescio
850 1911 928 1950 quo
952 1898 1172 1950 reipublice.²
1196 1899 1272 1937 mi-

145 1960 227 1987 sero
244 1948 474 2002 funestoque
492 1953 695 2004 compulsi,
716 1953 786 1991 etsi
810 1952 941 2004 aliqua
962 1953 1077 2004 culpa
1096 1961 1273 1992 tenemur

143 2002 278 2041 erroris
296 2002 473 2055 humani,
494 2019 517 2044 a
531 2007 668 2046 scelere
686 2014 784 2046 certe
801 2007 952 2045 liberati
969 2020 1115 2045 sumus.
1146 2007 1269 2054 Nam,

137 2065 234 2111 ‘cum
253 2056 315 2096 Μ.
332 2057 581 2110 Marcellum,
602 2061 894 2113 deprecantibus
914 2061 1034 2108 vobis,
1051 2061 1270 2112 reipublicae

144 2111 402 2159 conservavit;
422 2122 566 2155 memet
585 2115 695 2165 mihi,
711 2124 747 2154 et
764 2116 903 2154 iterum
917 2115 1150 2167 reipublicae,
1165 2116 1272 2154 nulle
