1509 2397
204 70 256 114 78
377 67 492 107 PRO
522 68 768 108 MILONE.
814 62 1166 110 ARGUMENTL

211 176 393 215 Aliorum
423 189 576 229 quoque
599 177 789 226 judicum,
810 178 878 229 qui
903 178 951 216 de
975 192 1020 217 ea
1038 193 1079 218 re
1100 179 1334 229 judicarent,

213 230 422 282 Pompeius
441 232 534 269 tales
560 232 772 283 proposuit,
792 239 837 270 ut
854 244 1057 284 nunquam
1076 246 1201 285 neque
1223 234 1337 273 clari-

212 297 295 323 ores
328 284 441 333 viros,
479 297 604 337 neque
633 285 850 334 sanctiores,
881 287 1092 338 propositos
1129 301 1208 327 esse
1244 301 1337 327 con·

216 345 343 377 staret.

270 392 364 431 Post
382 392 486 444 quod
500 394 629 431 statim
645 406 719 431 nov
723 392 843 444 alege
857 393 960 432 Milo
971 396 1185 446 postulatus
1204 409 1226 434 a
1243 396 1343 435 duo-

214 448 289 485 bus
318 446 461 498 Appiis
481 447 625 486 Clodiis
643 448 958 495 adolescentibus,
979 449 1129 497 iisdem,
1159 463 1180 488 a
1198 450 1349 502 quibus

216 508 328 539 antea
339 500 486 540 familia
498 502 579 550 ejus
590 502 713 539 fuerat
727 502 933 553 postulata,
949 502 1119 554 itemque
1133 503 1182 542 de
1192 503 1343 542 ambitu

215 555 267 592 ab
288 554 425 592 iisdem
452 555 610 606 Appiis,
639 563 676 593 et
700 563 883 606 praeterea
910 556 958 594 de
977 556 1014 594 vi
1034 570 1055 594 a
1077 557 1129 605 Q.
1151 557 1341 606 Petulcio,

219 617 256 646 et
282 609 330 646 L.
353 608 570 656 Cornificio,
605 609 652 647 (le
676 609 858 647 sodalitiis
888 623 909 646 a
941 611 986 648 Ρ.
1019 611 1158 649 Fulvio
1182 612 1342 650 Nerato.

218 662 443 701 Postulatus
468 672 597 701 autem
617 671 695 701 erat
716 670 752 701 et
771 663 819 701 de
838 663 1034 712 sodalitiis,
1055 672 1093 702 et
1111 665 1159 703 de
1177 665 1346 715 ambitu,

219 716 266 754 ea
285 730 364 768 spe,
387 717 490 768 quod
508 718 679 768 primum
696 717 887 766 judicium
908 718 954 756 de
966 718 1004 755 vi
1023 718 1201 757 futurum
1224 732 1344 771 appa-

218 772 340 819 rebat,
361 783 438 822 quo
457 784 547 809 eum
559 771 786 810 damnatum
797 771 844 808 iri
855 771 1110 821 confidebant,
1126 785 1196 811 nec
1213 780 1347 825 postea

219 837 505 876 responsurum.

274 878 473 917 Divinatio
492 879 539 917 de
557 879 705 917 ambitu
725 888 987 918 accusatorum
1000 879 1100 919 facta
1118 889 1188 928 est,
1208 881 1348 931 quaesi-

222 939 302 970 tore
320 933 373 971 A.
396 933 618 984 Torquato:
645 941 760 984 atque
779 936 893 972 ambo
916 935 1146 984 quaesitores,
1167 935 1351 987 Torqua-

221 993 285 1024 tus
323 994 360 1025 et
392 986 603 1034 Domitius,
628 988 751 1039 pridie
779 988 913 1026 Nonas
941 989 1042 1040 Apr.
1077 1002 1187 1026 reum
1218 989 1352 1028 adesse

218 1041 429 1090 jusserunt.
459 1041 549 1089 Quo
575 1041 636 1080 die
662 1041 764 1079 Milo
783 1042 831 1080 ad
851 1042 1016 1080 Domitii
1041 1042 1210 1082 tribunal
1229 1045 1350 1093 venit,

222 1094 272 1132 ad
301 1095 504 1146 Torquati,
533 1096 674 1134 amicos
702 1096 830 1134 misit:
862 1097 929 1144 ibi,
957 1097 1174 1147 postulante
1205 1111 1275 1149 pro
1305 1110 1353 1136 eo

223 1148 286 1186 Μ.
309 1149 511 1195 Marcello,
540 1150 719 1197 obtinuit,
741 1163 789 1188 ne
807 1151 914 1201 prius
941 1164 1030 1189 caus
1032 1163 1096 1188 am
1125 1151 1172 1189 de
1200 1152 1350 1190 ambitu

226 1202 380 1250 diceret,
403 1216 521 1255 quam
541 1203 588 1241 de
607 1203 645 1241 vi
660 1203 850 1253 judicium
870 1212 965 1243 esset
982 1204 1208 1268 perfectum.

277 1257 402 1308 Apud
430 1257 650 1296 Domitium
674 1265 803 1296 autem
823 1258 1080 1307 quaesitorem,
1109 1261 1235 1309 major
1253 1259 1347 1312 Ap-

225 1311 313 1363 pius
343 1311 550 1363 postulavit
583 1325 604 1349 a
635 1312 786 1350 Milone
823 1325 948 1351 servos
978 1312 1150 1351 exhiberi
1185 1325 1350 1353 numero

223 1365 321 1404 IIII
337 1373 374 1403 et
388 1365 448 1403 L.
480 1373 530 1412 et,
549 1378 636 1403 cum
656 1366 721 1403 ille
740 1374 909 1417 negaret,
923 1379 999 1415 eos,
1014 1366 1082 1417 qui
1096 1368 1352 1406 nominaban-

224 1426 303 1468 tur,
319 1419 359 1457 in
375 1433 445 1457 sua
463 1427 648 1471 potestate
667 1433 760 1468 esse,
777 1420 988 1468 Domitius,
1016 1434 1064 1458 ex
1083 1422 1270 1460 sententia
1285 1423 1355 1472 ju-

225 1473 371 1521 dicum,
384 1474 661 1525 pronuntiavit,
681 1482 736 1518 ut,
755 1488 802 1512 ex
818 1487 1012 1513 servorum
1024 1488 1157 1513 eorum
1171 1487 1351 1524 numero,

225 1534 420 1566 accusator
439 1535 534 1579 quot
552 1529 666 1566 vellet
684 1529 820 1567 ederet.

281 1581 399 1620 Citati
417 1582 554 1620 deinde
572 1590 697 1630 testes,
711 1583 922 1621 secundum
940 1583 1081 1635 legem,
1101 1597 1203 1635 quae,
1223 1591 1268 1622 ut
1287 1597 1355 1622 su-

225 1649 298 1687 pra
309 1635 492 1682 diximus,
510 1637 684 1685 jubebat,
699 1644 744 1674 ut
762 1637 884 1689 prius,
899 1650 1016 1689 quam
1029 1651 1143 1676 causa
1160 1646 1352 1689 ageretur,

225 1696 338 1728 testes
363 1703 430 1740 per
453 1690 625 1727 triduum
658 1691 894 1739 audirentur,
925 1691 1026 1729 dicta
1055 1705 1186 1730 eorum
1205 1692 1354 1742 judices

225 1743 505 1794 consignarent,
527 1745 664 1795 quarta
683 1745 744 1783 die
755 1745 884 1783 adesse
895 1758 1028 1783 omnes
1045 1746 1085 1784 in
1105 1746 1208 1784 diem
1226 1753 1355 1798 poste-

227 1810 317 1835 rum
325 1798 565 1847 juberentur,
586 1811 643 1845 ac,
665 1811 792 1837 coram
807 1806 1021 1839 accusatore
1039 1813 1083 1838 ac
1096 1813 1173 1847 reo,
1194 1800 1352 1852 pilae,in

228 1852 371 1903 quibus
381 1852 539 1890 nomina
553 1852 752 1901 judjeum·
741 1854 922 1915 inscripta
936 1861 1074 1902 essent,
1088 1862 1352 1906 aequarentur·

229 1905 317 1943 dein
337 1919 468 1944 rursus
486 1906 638 1957 postera
663 1907 725 1945 die
753 1908 898 1946 sortitio
916 1907 1093 1957 judicum
1113 1908 1220 1946 fieret
1237 1908 1354 1947 unius

228 1967 266 1997 et
289 1959 479 1998 LXXX:
510 1960 578 2011 qui
597 1973 781 2000 numerus
809 1975 897 2000 cum
926 1969 1024 2000 sorte
1053 1962 1262 2013 obtigisset,
1282 1962 1357 2014 ipsi

227 2013 404 2065 protinus
419 2026 564 2052 sessum
582 2014 704 2053 irentx
735 2023 835 2064 tum,
856 2016 905 2054 ad
923 2015 1142 2064 dicendum,
1162 2024 1357 2055 accusator

229 2067 327 2106 duas
344 2067 470 2117 horas,
504 2081 590 2107 reus
614 2076 703 2117 tres,
734 2069 912 2116 haberet;
941 2082 1106 2122 reusque
1135 2069 1270 2109 eodem
1293 2070 1356 2109 die

228 2121 296 2160 illo
311 2121 571 2172 judicaretur:
602 2123 709 2174 prius
724 2130 854 2162 autem
866 2137 984 2176 quam
1001 2123 1196 2163 sententiae
1213 2123 1358 2164 ferrem

227 2182 304 2225 tur,
326 2176 462 2227 quinos
494 2189 540 2216 ex
560 2176 720 2229 singulis
750 2178 946 2219 ordinibus
973 2185 1181 2228 aecusator,
1199 2178 1359 2220 totidem
