1509 2397
382 83 722 124 PHILIPPICA
753 84 854 123 XII.
885 83 990 123 CAP.
1021 85 1059 123 G,
1209 84 1284 124 361

162 191 256 243 gati,
277 200 515 245 repugnante
533 206 622 239 me3
653 193 719 232 sed
733 200 862 232 tamen
877 193 995 232 missi.
1026 193 1167 233 Delata
1178 207 1297 234 man·

162 247 276 286 data:
306 260 384 286 non
402 248 542 300 paruit.
571 247 858 286 Denuntiatum
873 256 943 295 est,
963 261 1012 286 ne
1030 249 1201 287 Brutum
1222 252 1292 289 ob-

162 301 312 349 sideret,
334 315 357 340 a
382 301 544 340 Mutina
570 301 803 340 discederet.
834 302 1073 353 oppugnavit
1092 303 1206 342 6113111
1226 318 1290 343 ve-

159 354 389 395 hementius.
419 356 475 395 Et
494 356 543 396 ad
561 369 651 395 eum
669 357 813 405 legatos
829 356 876 394 de
888 370 980 408 pace
994 357 1207 405 mittemus,
1222 360 1290 410 qui

159 409 264 460 pacis
295 410 450 449 nuntios
482 410 718 463 repudiavit.
707 411 725 434 9
755 411 1129 450 Verecundioremne
1163 425 1291 452 coram

158 470 348 515 putamus
362 465 403 503 in
421 465 652 517 postulando
671 465 765 511 fore,
795 478 914 516 quam
933 465 1050 504 fuerit
1073 473 1173 514 tum,
1201 480 1291 506 cum

160 518 269 557 misit
286 520 470 558 mandata
495 520 545 558 ad
563 527 739 558 senatum
752 520 771 556 ’ἓ
800 519 925 571 Atqui
944 528 1030 558 tum
1056 533 1100 558 ea
1121 523 1290 572 petebat,

160 586 247 623 quae
265 573 494 613 videbantur
518 574 695 625 improba
722 574 893 622 omnine,
919 575 985 613 sed
1003 582 1134 613 tamen
1162 575 1294 627 aliquo

158 627 276 666 modo
294 642 406 680 posse
425 629 604 667 concedi:
635 628 810 666 nondum
831 637 910 667 erat
929 628 1061 668 vestris
1083 627 1185 678 [tam
1204 643 1292 681 gra-

159 681 363 743 vissimis,]
378 691 536 735 tamque
554 683 703 744 multis,
720 683 903 733 judiciis
892 683 1191 735 ignominiisque
1203 695 1292 722 con-

158 735 282 776 cisus:
315 750 420 776 nunc
438 751 483 776 ea
499 737 611 789 petit,
643 750 730 789 quae
755 737 845 775 dare
877 738 986 776 nullo
1014 737 1131 776 modo
1157 751 1292 790 possu-

157 802 262 837 mus,
282 791 356 830 nisi
374 792 481 844 prius
500 792 680 830 volumus
691 804 761 830 nos
774 792 876 830 bello
888 792 1006 831 victos
1018 792 1199 830 confiteri.
1221 794 1290 832 Se-

159 847 465 885 natus-consulta
484 845 580 885 falsa
599 846 724 885 delata
743 847 791 884 ab
811 858 854 884 eo
876 847 1160 896 judicavimus:
1191 859 1291 885 num

159 912 204 938 63
215 913 305 939 vera
319 914 523 962 possumus
539 900 734 962 judicare.
723 900 741 925 9
770 900 895 951 Leges
910 901 1115 939 statuimus
1130 914 1198 952 per
1210 902 1290 940 vim

158 961 197 992 et
215 962 347 994 contra
365 955 536 1007 auspicia
553 955 690 1002 latas,
680 954 803 1016 iisque
821 967 891 993 nec
909 956 1100 1007 populum
1119 967 1189 994 1166
1208 957 1290 1007 Ρ16-

156 1009 248 1047 bem
267 1009 406 1048 teneri:
428 1022 525 1048 num
545 1023 607 1047 eas
620 1009 769 1048 restitui
782 1022 892 1061 posse
904 1009 1092 1048 censetis?
1124 1009 1291 1059 [Sester-

156 1063 278 1116 tium]
297 1063 433 1115 septies
448 1063 588 1102 millies
604 1064 782 1103 avertisse
797 1063 1016 1102 Antonium
1030 1064 1203 1116 pecuniae
1214 1079 1289 1116 pu-

156 1118 269 1157 blicae
284 1118 546 1168 judicavistis:
577 1131 675 1157 num
688 1118 824 1157 fraude
837 1119 977 1170 poterit
991 1131 1116 1157 carere
1134 1121 1289 1170 pecula-

155 1174 218 1211 tus
236 1175 254 1212 ?
284 1173 558 1212 Immunitates
578 1175 626 1212 ab
647 1185 690 1212 eo
710 1172 940 1221 civitatibus,
962 1173 1182 1222 sacerdotia,
1203 1187 1290 1226 reg-

158 1239 223 1274 na,
244 1227 444 1266 venierunt
459 1241 470 1266 t
502 1240 599 1266 num
614 1228 780 1279 figentur
799 1240 929 1266 rursus
948 1240 1003 1266 eae
1021 1228 1178 1278 tabulae,
1193 1242 1290 1280 quas

157 1294 224 1320 vos
243 1281 401 1321 decretis
419 1283 552 1321 vestris
566 1282 743 1321 refixistis
754 1282 772 1319 ¹?

212 1336 290 1375 VI.
321 1335 441 1384 Quod
459 1336 490 1375 51
510 1350 568 1385 63,
598 1351 686 1389 quae
714 1336 966 1386 decrevimus,
994 1338 1168 1385 obruere,
1189 1350 1289 1377 num

158 1389 275 1429 etiam
295 1392 523 1430 memoriam
541 1405 672 1430 rerum
696 1391 834 1439 delere,
851 1392 1084 1443 possumus?
1119 1391 1290 1440 Quando

159 1445 264 1483 enim
279 1445 522 1484 obliviscetur
536 1447 618 1484 ulla
636 1446 849 1498 posteritas,
871 1447 981 1496 cujus
1001 1447 1138 1485 scelere
1156 1447 1195 1484 in
1216 1447 1290 1486 hac

158 1498 315 1538 vestitus
333 1500 502 1539 foeditate
521 1500 710 1539 fuerimus
721 1500 739 1537 ’.9
768 1501 825 1539 Ut
844 1500 1113 1539 centurionum
1128 1501 1290 1552 legionis

159 1553 317 1593 Martiae
328 1555 529 1593 Brundisii
540 1555 719 1606 profusus
734 1555 889 1606 sanguis
904 1555 1056 1593 eluatur
1068 1569 1080 1601 ς
1102 1568 1199 1593 num
1212 1556 1291 1594 elui

157 1609 377 1661 praedicatio
392 1609 626 1648 crudelitatis
637 1609 805 1662 poterit?
834 1610 891 1647 Ut
905 1609 1034 1647 media
1047 1616 1287 1661 praeteream,

158 1677 248 1716 quae
259 1671 427 1703 vetustas
439 1665 547 1702 tollet
562 1677 720 1716 operum
735 1664 831 1703 circa
838 1664 1040 1702 Mutinam
1055 1672 1153 1702 tetra
1162 1665 1290 1704 moni-

157 1725 304 1766 menta,
321 1718 468 1757 sceleris
482 1719 637 1767 indicia,
657 1718 922 1770 latrociniique
937 1718 1095 1770 vestigia
1106 1719 1124 1756 ⁶?

212 1773 320 1812 Huic
349 1773 468 1825 igitur
496 1773 719 1825 importuno
745 1781 861 1825 atque
890 1773 1046 1824 impuro
1074 1773 1288 1825 parricidae,

157 1827 254 1880 quid
272 1827 474 1875 habemus,
495 1829 582 1880 (per
600 1828 706 1866 Deos
724 1827 961 1866 immortales
978 1825 1010 1877 !)
1032 1828 1137 1879 quod
1155 1830 1290 1868 remit-

158 1889 287 1920 tamus
300 1882 319 1919 ἲ
347 1882 416 1920 An
438 1882 610 1921 Galliam
629 1883 825 1931 ultimam,
847 1889 885 1920 et
904 1881 1115 1921 exercitum
1130 1883 1148 1920 Ρ
1177 1882 1288 1931 Quid

158 1944 215 1975 est
233 1936 354 1982 aliud,
367 1949 446 1975 non
464 1950 598 1989 pacem
618 1937 755 1986 facere,
771 1937 837 1975 sed
851 1936 1002 1974 differre
1017 1937 1165 1975 bellum
1180 1940 1198 1976 ἓ
1218 1950 1289 1977 1166

159 1992 287 2030 solum
305 2004 516 2043 propagare
540 1992 704 2039 bellum,
726 1991 791 2030 sed
811 1991 1014 2029 concedere
1033 1991 1150 2030 etiam
1169 1992 1290 2031 victo-

156 2045 289 2085 riam?
319 2046 389 2083 An
407 2046 474 2085 ille
492 2059 570 2085 non
589 2046 733 2094 vicerit,
755 2046 1002 2097 quacumque
1021 2045 1236 2086 conditione
1247 2047 1290 2085 in

158 2099 260 2138 hanc
283 2101 422 2139 urbem
447 2113 537 2140 cum
556 2101 634 2139 suis
654 2100 771 2139 armis
790 2100 936 2139 venerit
951 2102 969 2138 ἓ
1010 2100 1130 2139 Ν11116
1159 2101 1291 2140 01111113

159 2161 360 2193 tenemus:
382 2155 605 2194 auctoritate
624 2155 796 2194 valemus
814 2154 1031 2206 plurimum
1048 2169 1058 2193 z
1081 2156 1222 2194 absunt
1233 2164 1290 2194 tot

158 2208 298 2260 perditi
317 2208 430 2257 cives,
451 2209 641 2249 nefarium
663 2209 783 2250 secuti
802 2209 940 2249 ducem
958 2223 969 2246 ε
1001 2215 1132 2249 tamen
1152 2221 1288 2252 eorum

214 2263 369 2314 (Orat.)
400 2274 505 2304 vor„
528 2275 592 2302 1v.
951 2264 977 2301 2
993 2274 1010 2302 1
