1509 2397
365 90 704 131 PHILIPPICA
733 91 809 131 VI.
838 91 945 131 CAP.
974 94 1012 130 5.
1169 87 1249 128 293

129 200 169 240 O
188 199 309 239 fides.
298 200 308 227 θ
342 198 453 249 [hinc
472 200 575 238 enim
593 207 689 251 puto
714 200 955 239 Trebellium
975 198 1155 238 sumsisse
1181 209 1246 235 co-

128 267 295 306 gnomen
309 255 345 306 ς]
375 267 463 305 quae
481 261 605 306 potest
624 266 702 292 esse
720 255 845 304 major
870 255 977 302 fides,
998 266 1116 306 quam
1141 251 1246 289 frau

126 309 218 347 dare
236 308 450 356 creditores,
471 309 586 346 domo
604 308 820 359 profugere,
832 316 987 360 propter
1005 322 1056 346 aes
1075 307 1246 345 alienum

127 363 184 401 ire
211 362 261 400 ad
289 365 427 401 arma?
461 362 541 400 Ubi
571 363 727 413 plausus
758 362 824 400 ille
857 363 898 400 in
931 361 1127 413 triumpho
1159 363 1248 399 est?

129 429 232 468 saepe
248 416 382 454 ludis?
410 416 479 454 ubi
497 416 656 454 aedilitas
675 417 800 454 delata
820 429 970 455 summo
991 415 1115 454 studio
1129 417 1249 453 bono-

128 483 217 509 rum
232 473 250 509 ?
279 470 380 518 Quis
399 478 468 516 est,
496 471 564 522 qui
587 471 692 508 hunc
717 483 794 508 non
820 484 909 509 casu
929 470 1119 508 existimet
1149 475 1248 507 recte

129 525 262 563 fecisse
279 527 296 563 ?
328 524 515 576 Nequitia
533 532 601 573 est,
623 525 743 562 scelus
763 532 829 563 est.

185 579 236 617 V.
267 578 343 617 Sed
372 579 483 617 redeo
513 579 563 617 ad
588 591 734 617 amores
756 578 985 631 deliciasque
1010 584 1168 625 nostras,
1201 576 1250 614 L.

129 632 365 680 Antonium,
394 632 461 684 qui
491 646 557 671 vos
582 645 714 671 omnes
745 632 786 669 in
811 634 928 671 fidem
957 646 1069 671 suam
1097 631 1251 682 recepit.

131 686 324 738 Negatis?
360 699 457 724 num
483 687 676 738 quispiam
706 694 761 726 est
790 691 972 735 vestrum,
1004 687 1072 739 qui
1104 685 1250 724 tribum

129 753 207 779 non
236 741 406 779 habeat?
436 749 535 779 certe
564 753 689 779 nemo.
718 742 847 792 Atqui
875 742 989 779 illum
1011 742 1182 793 quinque
1213 747 1251 778 et

129 795 287 846 triginta
316 795 438 833 tribus
463 802 669 846 patronum
688 795 932 846 adoptarunt.
962 797 1115 834 Rursus
1133 794 1251 832 recla-

129 849 275 888 matis?
305 848 504 900 Adspicite
519 862 542 886 a
556 849 707 887 sinistra
724 849 832 888 illam
852 857 1066 902 equestrem
1085 855 1252 888 statuam

128 904 359 951 inauratam,
379 903 420 940 in
440 903 518 954 qua
537 903 631 955 quid
650 903 875 954 inscriptum
896 911 977 943 est.
968 906 985 932 9
1016 906 1046 926 “
1066 902 1253 964 Quinque

128 965 167 996 et
196 957 354 1008 triginta
382 957 504 995 tribus
532 958 733 1008 patrono?
764 958 906 1009 Populi
935 958 1105 997 Romani
1134 957 1253 1007 igitur

127 1018 187 1050 est
205 1018 387 1063 patronus
417 1011 466 1049 L.
486 1011 685 1050 Antonius
698 1012 716 1048 Ρ
743 1013 889 1050 malam
908 1013 1065 1064 quidem
1084 1013 1141 1050 1111
1166 1025 1253 1062 pes-

129 1072 235 1112 tem3
265 1065 425 1104 clamori
449 1065 552 1103 enim
580 1074 702 1104 vestro
722 1067 913 1104 assentior.
944 1067 1037 1105 Non
1055 1066 1170 1104 modo
1189 1066 1253 1104 hic

127 1120 225 1158 latro
256 1123 390 1172 (quem
421 1120 598 1158 clientem
623 1120 762 1158 habere
792 1133 905 1158 nemo
933 1121 1055 1182 velit),
1077 1121 1142 1159 sed
1165 1120 1252 1181 quis

130 1187 306 1226 unquam
321 1173 435 1211 tantis
454 1173 604 1234 opibus,
621 1174 736 1212 tantis
756 1176 869 1212 rebus
888 1175 1002 1236 gestis
1021 1175 1108 1223 fuit,
1130 1174 1199 1226 qui
1212 1186 1252 1212 se

128 1228 264 1283 populi
277 1227 459 1274 Romani,
470 1228 620 1265 victoris
635 1228 859 1280 dominique
873 1229 1049 1267 omnium
1060 1229 1253 1280 gentium,

130 1290 336 1334 patronum
356 1281 478 1319 dicere
497 1281 676 1320 auderet.
667 1284 684 1310 9

184 1337 234 1374 In
252 1335 335 1374 foro
355 1335 403 1373 L.
423 1335 589 1373 Antonii
608 1343 775 1374 statuam
794 1336 983 1385 videmus,
1015 1336 1112 1375 sicut
1137 1336 1248 1375 illam

129 1389 182 1438 Q.
203 1389 396 1437 Tremuli,
418 1388 486 1441 qui
507 1389 695 1428 Hernicos
713 1390 865 1437 devicit,
894 1399 982 1429 ante
1000 1391 1179 1429 Castoris.
1209 1390 1248 1429 Ο

128 1443 411 1496 impudentiam
443 1443 733 1482 incredibilem!
765 1450 967 1483 tantumne
996 1445 1070 1484 sibi
1099 1444 1251 1493 sumsit,

128 1498 222 1551 quia
243 1497 408 1549 Mylasis
433 1497 619 1536 mirmillo
639 1498 832 1537 Thracem
858 1499 1065 1550 jugulavit,
1085 1498 1253 1537 familia-

129 1565 212 1591 rem
241 1553 391 1590 suum?
421 1551 606 1599 Quonam
631 1552 747 1591 modo
776 1552 896 1590 istum
918 1553 1015 1592 ferre
1039 1566 1250 1605 possemus,

128 1607 162 1645 si
179 1607 220 1644 in
238 1606 310 1644 hoc
323 1605 420 1654 foro,
441 1606 698 1658 spectantibus
717 1606 839 1653 vobis,
856 1607 1147 1659 depugnasset?
1177 1607 1254 1646 Sed

127 1661 210 1699 haec
228 1673 308 1699 una
325 1667 462 1698 statua.
491 1661 629 1699 Altera
647 1663 695 1699 ab
720 1661 913 1712 equitibus
932 1662 1134 1708 Romanis,
1156 1675 1255 1713 equo

128 1715 311 1767 publico3
341 1714 410 1766 qui
441 1714 536 1753 item
569 1715 803 1764 adscribunt,
835 1718 863 1738 “
881 1716 1061 1755 Patrono.
1065 1717 1091 1735 ”
1120 1716 1252 1764 Quem

129 1781 305 1822 unquam
333 1768 405 1807 iste
436 1768 528 1807 ordo
560 1776 766 1820 patronum
796 1769 1017 1821 adoptavit.
1008 1772 1025 1798 9
1055 1771 1087 1810 si
1118 1784 1254 1823 quem-

131 1836 278 1884 quam,
286 1822 420 1861 debuit
430 1836 505 1861 me.
535 1823 611 1861 Sed
621 1836 685 1862 me
702 1823 850 1862 omitto.
882 1823 1014 1872 Quem
1028 1829 1254 1866 censorem?

130 1890 250 1930 quem
267 1876 537 1928 imperatorem
547 1877 565 1914 Ρ
594 1878 752 1929 Agrum
765 1877 826 1916 1113
845 1878 986 1917 divisit.
1010 1879 1053 1919 O
1069 1879 1255 1931 sordidos,

134 1931 205 1983 qui
223 1930 462 1983 acceperint!
494 1931 731 1984 improbum,
751 1932 821 1984 qui
837 1932 1011 1971 dederit!

186 1987 411 2025 Statuerunt
430 1985 546 2024 etiam
564 1985 710 2024 tribuni
724 1987 922 2034 militares,
939 1986 1007 2039 qui
1025 1987 1065 2026 in
1085 1988 1260 2028 exerciti-

132 2041 208 2078 bus
237 2039 400 2078 Caesaris
429 2039 581 2078 duobus
608 2040 777 2079 fuerunt.
816 2039 918 2088 Quis
948 2048 1004 2080 est
1034 2042 1105 2081 iste
1136 2043 1259 2082 ordo?

135 2093 261 2132 Multi
289 2093 448 2132 fuerunt
476 2094 611 2133 multis
636 2094 677 2132 in
697 2094 914 2146 legionibus
942 2108 1011 2147 per
1035 2103 1093 2135 tot
1121 2110 1253 2136 annos.

137 2147 214 2186 His
233 2160 388 2200 quoque
406 2147 536 2187 divisit
555 2149 789 2188 Semurium.
819 2149 994 2202 Campus
1014 2150 1182 2190 Martius
1198 2165 1257 2190 re-

134 2204 274 2251 stabat,
293 2202 367 2242 nisi
385 2202 492 2255 prius
511 2203 735 2243 cum-fratre
753 2203 924 2255 fugisset.
954 2204 1030 2243 Sed
1047 2204 1130 2244 haec
1146 2219 1256 2257 agro-

893 2260 918 2295 2
936 2270 958 2298 c
980 2259 1006 2296 3
