1509 2397
269 80 382 119 PRO
412 79 662 118 MILONE.
710 79 1061 119 ARGUMENT.
1174 84 1228 127 79

109 200 209 234 reus,
236 188 420 237 rejiceret,
450 188 504 226 ita
522 195 566 225 ut
584 200 768 226 numerus
792 188 970 238 judicum
999 190 1233 241 relinquere-

109 249 186 286 tur,
207 241 274 293 qui
293 242 495 280 sententias
509 242 664 288 ferrent,
686 242 968 293 quinquaginta
981 252 1017 282 et
1036 257 1148 283 unus.

166 295 298 333 Primo
323 296 398 343 die,
420 296 532 334 datus
551 304 630 334 erat
644 296 684 333 in
705 296 897 334 Milonem
917 298 1020 336 testis
1041 298 1237 337 Cassinius

111 349 235 397 Scola,
265 350 392 401 quise
411 363 500 389 cum
535 350 580 388 P.
610 350 746 388 Clodio
774 350 903 398 fuisse,
931 364 1020 388 cum
1041 352 1072 389 is
1093 353 1238 391 occisus

109 410 178 450 est,
206 403 329 449 dixit;
360 404 673 456 atrocitatemque
693 404 747 442 rei
765 405 888 452 factae,
916 418 1035 456 quam
1065 407 1239 445 maxime

109 457 249 508 potuit,
270 459 392 497 auxit.
422 458 554 506 Quem
574 471 663 497 cum
683 458 913 509 interrogare
940 459 1001 496 M.
1023 460 1237 499 Marcellus

108 511 292 562 coepisset,
313 520 420 552 tanto
452 514 625 551 tumultu
657 513 852 551 Clodianae
878 514 1138 553 multitudinis
1165 515 1238 552 cir-

109 566 332 605 cumstantis
351 567 553 606 exterritus
565 575 634 615 est,
650 575 708 615 ut,
730 567 808 605 vim
823 568 1003 605 ultimam
1024 568 1175 615 timens,
1196 569 1236 606 in

111 619 281 658 tribunal
293 634 316 659 a
336 620 510 660 Domitio
529 622 757 673 reciperetur
772 636 781 659 :
805 635 922 673 quam
939 623 987 660 ob
1001 635 1154 660 causam
1171 623 1234 661 M.

110 672 334 723 Marcellus,
367 684 404 714 et
435 677 517 726 ipse
537 676 653 723 Milo,
675 690 696 714 a
715 675 889 714 Domitio
915 676 1137 727 praesidium
1163 677 1238 715 irn-

108 727 368 778 ploraverunt.
405 730 570 769 Sedebat
599 743 644 768 eo
662 738 834 781 tempore
862 728 935 768 Cn.
959 731 1168 782 Pompeius
1186 732 1237 769 ad

110 782 314 829 aerarium3
345 786 668 836 perturbatusque
694 792 773 822 erat
799 784 932 822 eodem
955 785 1022 822 illo
1042 786 1233 824 clamore:

107 835 237 888 itaque
256 837 430 877 Domitio
450 838 640 890 promisit,
659 852 697 876 se
716 846 864 890 postero
878 839 938 876 die
958 851 1045 876 cum
1060 840 1239 890 praesidio

109 889 406 937 descensurumg
437 893 554 944 idque
580 893 692 931 feeit:
725 893 803 944 qua
832 906 873 930 re
901 893 1021 930 territi
1043 893 1236 941 Clodiani,

107 943 257 984 silentio
277 949 391 985 verba
411 948 568 986 testium
587 960 654 998 per
673 947 837 985 biduum
866 947 990 984 audiri
1012 948 1114 999 passi
1134 958 1236 986 sunt.

106 997 449 1051 Interrogaverunt
479 1014 541 1040 eos
572 1001 634 1039 M.
668 1001 816 1049 Cicero,
850 1001 911 1039 M.
940 1001 1166 1049 Marcellus,
1202 1011 1240 1041 et

107 1052 210 1091 Milo
229 1055 321 1106 ipse.
352 1056 476 1094 Multi
491 1069 538 1094 ex
557 1055 618 1103 iis,
639 1056 708 1107 qui
722 1055 884 1094 Bovillis
904 1055 1143 1103 habitabant,
1165 1064 1238 1096 tes-

106 1106 314 1147 timonium
337 1110 517 1148 dixerunt
537 1110 584 1148 de
607 1110 652 1148 iis
673 1124 760 1161 quae
785 1109 839 1148 ibi
865 1109 965 1148 facta
985 1118 1117 1155 erant3
1148 1124 1239 1149 cau-

106 1174 250 1212 ponem
269 1164 451 1213 occisum,
473 1166 672 1202 tabernam
692 1173 970 1216 expugnatam,
992 1177 1127 1216 corpus
1148 1165 1239 1204 Clo-

108 1215 163 1253 dii
189 1217 229 1254 in
259 1219 461 1269 publicum
493 1226 708 1257 extractum
742 1231 832 1256 esse.
877 1219 1057 1269 Virgines
1084 1232 1239 1271 quoque

107 1269 283 1310 Vestales
302 1273 497 1318 dixerunt,
521 1273 724 1313 mulierem
743 1272 916 1323 ignotam
936 1273 1081 1311 venisse
1110 1274 1158 1311 ad
1184 1287 1238 1320 se,

107 1337 196 1376 quae
215 1325 377 1365 Milonis
395 1326 577 1365 mandato
604 1336 737 1364 votum
752 1327 926 1375 solveret,
948 1327 1052 1378 quod
1077 1326 1239 1366 Clodius

106 1378 251 1417 occisus
269 1388 376 1419 esset.
406 1381 568 1419 Ultimae
579 1381 843 1419 testimonium
856 1380 1037 1419 dixerunt
1057 1383 1239 1433 Sempro-

106 1431 184 1480 nia,
206 1433 396 1473 Tuditani
415 1435 508 1482 filia,
523 1448 652 1474 socrus
673 1435 719 1472 P.
742 1435 886 1480 Clodii,
904 1443 941 1472 et
960 1448 1060 1473 uxor
1073 1436 1237 1481 Fulvia;

108 1494 145 1524 et
159 1487 253 1525 fletu
273 1501 343 1527 suo
355 1502 586 1541 magnopere
606 1503 682 1536 eos,
700 1489 768 1540 qui
787 1488 1001 1535 adstabant,
1024 1502 1243 1528 commove-

107 1550 211 1580 runt.
242 1542 415 1582 Dimisso
430 1544 528 1582 circa
538 1544 674 1581 horam
694 1543 883 1581 decimam
901 1543 1060 1592 judicio,
1075 1544 1126 1582 T.
1143 1545 1240 1582 Mu-

106 1596 234 1635 natius
259 1610 329 1648 pro
349 1598 527 1636 concione
545 1598 734 1649 populum
756 1597 980 1635 adhortatus
1001 1606 1070 1644 est,
1092 1606 1136 1636 ut
1154 1611 1242 1650 pos·

109 1657 190 1689 tero
202 1651 263 1689 die
276 1651 455 1704 frequens
471 1652 630 1699 adesset,
652 1659 689 1689 et
709 1651 808 1689 elabi
828 1651 1020 1689 Milonem
1036 1665 1113 1690 non
1133 1660 1244 1704 pate-

109 1712 228 1753 retur,
247 1706 517 1758 judiciumque
536 1713 573 1744 et
593 1706 764 1744 dolorem
784 1719 898 1743 suum
915 1706 1139 1745 ostenderet.

165 1760 364 1802 Euntibus
383 1760 432 1799 ad
453 1760 635 1799 tabellam
650 1759 848 1798 ferendam
860 1767 1009 1811 postero
1025 1760 1087 1799 die
1102 1760 1244 1810 judici-

112 1815 201 1862 bus,
218 1815 287 1866 qui
314 1815 390 1853 fuit
405 1815 543 1865 judicii
567 1814 730 1866 primus,
755 1828 789 1852 a.
804 1814 842 1853 d.
870 1814 942 1852 III
963 1814 1058 1852 Idus
1077 1815 1246 1866 Aprilis,

115 1869 255 1907 clausae
276 1869 434 1908 fuerunt
458 1869 539 1907 tota
564 1871 659 1907 urbe
687 1871 878 1907 tabernae:
910 1869 1086 1920 praesidia
1105 1869 1145 1907 in
1163 1869 1247 1908 foro

117 1930 155 1962 et
173 1923 271 1961 circa
289 1936 422 1962 omnes
442 1923 515 1962 fori
534 1923 661 1962 aditus
684 1923 895 1975 Pompeius
920 1922 1133 1974 disposuit:
1163 1923 1247 1976 ipse

116 1990 189 2029 pro
214 1977 359 2025 aerario,
380 1985 425 2016 ut
446 1978 584 2029 pridie,
605 1977 787 2026 consedit,
808 1984 937 2029 septus
956 1977 1102 2016 delecta
1126 1990 1248 2017 manu

117 2031 300 2070 militum.
331 2033 486 2071 Sortitio
501 2032 638 2070 deinde
653 2031 845 2082 judicum,
862 2038 905 2069 ut
919 2031 1045 2083 primo
1056 2031 1132 2079 die,
1148 2032 1251 2071 facta

118 2093 201 2132 est;
230 2093 331 2138 post,
352 2094 506 2124 tantum
525 2086 722 2125 silentium
745 2093 825 2124 toto
843 2085 926 2124 foro
943 2085 1033 2135 fuit,
1054 2094 1246 2138 quantum

116 2152 198 2179 esse
210 2140 253 2178 in
270 2140 401 2192 aliquo
419 2141 502 2180 foro
519 2148 658 2194 posset.

175 2193 298 2243 Tum,
329 2194 430 2235 intra
460 2195 595 2236 horam
627 2195 850 2244 secundam,
872 2202 1104 2235 accusatores
1129 2208 1249 2246 coepe-
