1509 2397
336 91 673 133 PHILIPPICA
702 92 784 133 rx.
812 95 918 133 cim.
950 95 989 133 3.
1137 82 1229 132 3215-

91 198 228 239 Status?
245 201 392 240 nemini
405 201 654 240 tribuendum
669 202 829 250 censuit,
846 202 920 240 nisi
934 202 1003 254 qui
1013 201 1112 241 ferro
1126 209 1224 241 esset

92 254 135 292 in
172 255 365 306 legatione
402 256 633 295 interfectus.
664 256 751 307 Ego
788 264 932 304 autem,
970 264 1097 308 patres
1131 269 1224 295 con-

96 309 241 360 scripti,
263 310 330 349 ·sic
358 310 587 361 interpretor
613 312 773 349 sensisse
801 312 964 360 majores
990 318 1149 358 nostros,
1177 318 1226 349 ut

95 372 252 402 causam
283 364 416 403 mortis
447 365 676 412 censuerint,
702 377 779 402 non
805 377 926 415 genus
951 378 1029 402 esse
1045 377 1223 416 ‘quaeren-

93 417 202 455 dum.
234 418 392 456 Etenim
407 419 469 457 cui
480 419 621 470 legatio
640 419 724 470 ipsa
735 419 850 456 morti
862 418 1018 464 fuisset,
1040 422 1122 467 ejus
1138 432 1222 457 mo-

93 471 312 510 nimentum
328 481 476 511 exstare
495 474 712 520 voluerunt,
727 480 783 519 ut,
798 473 837 510 in
858 473 967 510 bellis
986 473 1220 523 periculosis,

93 526 242 564 obirent
272 527 446 565 homines
482 528 682 578 legationis
718 539 861 565 munus
893 526 1085 564 audacius.
1128 527 1225 565 Non

93 580 212 631 igitur
227 582 404 633 exempla
422 583 617 631 majorum
637 581 854 633 quaerenda,
872 581 937 619 sed
949 581 1151 619 consilium
1165 588 1221 619 est

95 647 244 682 eorum,
265 649 288 673 a
308 650 385 688 quo
400 636 484 687 ipsa
504 637 680 687 exempla
699 644 790 673 nata
809 642 912 683 sunt,
934 635 1220 686 explicandum.

150 690 207 727 ΙΙ.
239 689 319 728 Lar
336 690 589 736 Tolumnius,
603 703 671 728 rex
682 690 922 736 Veientium,
938 697 1102 741 quatuor
1113 690 1218 741 lega-

90 750 149 782 tos
178 745 314 795 populi
335 745 504 782 Romani
530 744 687 782 Fidenis
706 744 923 788 interemit3
955 756 1123 794 quorum
1144 752 1220 782 sta-

90 805 168 836 tuae
197 798 237 836 in
258 799 406 837 Rostris
440 806 625 837 steterunt
648 811 770 850 usque
796 798 845 836 ad
873 805 1042 836 nostram
1071 810 1220 836 memo-1

90 851 200 890 riam.
231 853 372 891 Justus
402 853 550 891 honos:
581 853 627 891 iis
658 855 761 891 enim
792 853 955 901 majores
981 852 1114 898 nostri,
1149 853 1219 904 qui

89 908 139 945 ob
172 907 450 958 rempublicam
480 915 644 945 mortem
675 906 860 954 obierant,
893 919 962 958 pro
995 906 1101 944 brevi
1138 908 1219 945 vit&

89 959 314 999 diuturnam
327 961 551 999 memoriam
565 961 823 1000 reddiderunt.
853 960 927 999 Cn.
943 960 1112 1007 Octavii,
1126 961 1218 999 clari

89 1022 128 1052 et
155 1016 288 1066 magni
316 1016 403 1062 viri,
429 1016 514 1067 (qui
544 1015 693 1067 primus
715 1016 756 1052 in
787 1028 871 1053 eam
902 1015 1105 1061 familiam,
1131 1029 1219 1067 quae

89 1077 221 1121 postea
253 1070 342 1108 viris
371 1070 588 1108 fortissimis
618 1070 760 1116 floruit,
795 1069 926 1108 attulit
956 1069 1217 1118 consulatum)

88 1131 258 1162 statuam
278 1124 452 1163 videmus
471 1125 511 1163 in
533 1125 694 1162 Rostris.
726 1125 855 1162 Nemo
875 1132 960 1161 tum
980 1124 1139 1161 novitati
1157 1124 1217 1161 in-

88 1178 270 1217 videbat:
301 1192 416 1217 nemo
442 1180 624 1217 virtutem
648 1191 724 1216 non
745 1179 969 1216 honorabat.
1000 1178 1059 1215 At
1079 1191 1123 1215 ea
1142 1178 1217 1217 fuit

86 1232 227 1284 legatio
247 1233 414 1280 Octavii,
431 1234 470 1271 in
490 1234 569 1285 quii
583 1233 744 1285 periculi
757 1232 919 1283 suspicio
932 1244 1007 1270 non
1029 1234 1214 1270 subesset.

90 1286 211 1334 Nam,
232 1301 322 1326 cum
343 1295 439 1326 esset
458 1290 597 1325 missus
627 1301 649 1325 a
678 1296 811 1325 senatu
834 1287 882 1324 ad
901 1287 1049 1324 animos
1079 1299 1215 1337 regum

87 1342 383 1393 perspiciendos,
394 1342 679 1393 liberorumque
695 1342 942 1393 populorum,
953 1340 1214 1392 maximeque,

89 1402 133 1433 ut
152 1404 331 1448 nepotem
350 1396 536 1435 Antiochi
554 1397 653 1447 regis
683 1397 782 1445 (ejus
811 1395 879 1446 qui
898 1408 987 1433 cum
1006 1395 1217 1444 majoribus

88 1451 226 1489 nostris
255 1452 403 1489 benum
432 1460 614 1502 gesserat)
646 1450 780 1488 classes
809 1450 963 1496 habere,
995 1449 1216 1500 elephantos

90 1504 204 1553 alere,
225 1506 443 1557 prohiberet
460 1519 471 1550 ;
503 1505 702 1543 Laodiceae
720 1504 760 1542 in
785 1504 986 1555 gymnasio
1005 1517 1027 1541 a
1046 1504 1214 1554 quodam

89 1558 254 1611 Leptine
274 1567 329 1598 est
350 1559 581 1598 interfectus.
612 1559 781 1598 Reddita
807 1566 862 1596 est
881 1558 915 1596 ei
934 1565 1018 1595 tum
1038 1571 1061 1595 a
1089 1559 1212 1607 majo·

87 1613 194 1652 ribus
214 1622 340 1652 statua
358 1627 427 1665 pro
453 1614 546 1660 vita,
571 1626 658 1665 quae
673 1614 816 1651 multos
841 1626 908 1663 per
930 1625 1050 1650 annos
1077 1625 1214 1663 proge-

88 1667 192 1706 niem
213 1669 295 1718 ejus
324 1669 564 1713 honestaret;
595 1680 712 1714 nunc,
740 1667 788 1705 ad
808 1675 924 1704 tantae
953 1666 1111 1704 familiae
1133 1679 1231 1705 me·-

87 1722 266 1771 moriam,
282 1723 367 1761 sola
385 1730 511 1761 restat.
541 1722 669 1774 Atqui
685 1730 721 1760 et
739 1721 842 1768 huic,
860 1730 897 1759 et
909 1721 1036 1758 Tullo
1054 1720 1212 1769 Cluvio,

87 1784 125 1815 et
145 1777 193 1815 L.
216 1777 372 1826 Roscio,
403 1785 440 1815 et
470 1779 536 1828 Sp.
565 1777 703 1824 Antio,
739 1785 776 1814 et
801 1775 850 1815 C.
878 1776 909 1813 F
913 1775 1069 1822 ulciiiio,
1100 1776 1168 1826 qui
1191 1789 1215 1813 a

88 1830 316 1870 Veientium
356 1845 445 1883 rege
475 1832 560 1870 caesi
587 1839 690 1878 sunt,
723 1843 799 1869 non
831 1830 1000 1881 sanguis,
1028 1830 1096 1880 qui
1126 1842 1214 1881 pro-

86 1885 196 1924 fusus
221 1895 276 1923 est
303 1887 344 1924 in
366 1896 503 1934 morte,
529 1886 595 1924 sed
618 1885 701 1937 ipsa
725 1898 827 1923 mors
857 1887 906 1922 ob
932 1885 1212 1934 rempublicam

88 1940 207 1988 obita,
228 1940 364 1978 honori
382 1940 474 1978 fuis·

142 1995 225 2033 111.
257 1995 411 2047 Itaque,
444 2001 572 2047 patres
608 1993 826 2045 conscripti,
861 1991 893 2030 εἰ
929 1993 1009 2032 Ser.
1042 1991 1213 2044 Sulpicio

85 2057 194 2087 casus
213 2057 377 2088 mortem
403 2049 605 2093 attulisset,
630 2048 797 2086 dolerem
821 2046 979 2100 quidem
1006 2052 1113 2084 tanto
1138 2046 1215 2084 rei-

84 2103 250 2155 publicae
269 2104 426 2142 vulnere
443 2118 454 2141 :
485 2110 649 2142 mortem
669 2116 759 2141 vero
779 2103 877 2152 ejus,
897 2113 972 2139 non
992 2100 1210 2139 monimen-

84 2157 146 2204 tis,
167 2157 234 2195 sed
250 2157 358 2196 luctu
385 2158 554 2210 publico,
580 2156 843 2195 honorandam
869 2163 1059 2207 putarem.
1091 2155 1209 2193 Nunc

82 2219 212 2250 autem
232 2211 318 2263 quis
337 2211 501 2261 dubitat,
522 2212 618 2264 quin
638 2211 672 2250 ei
692 2211 810 2249 vitam
831 2209 1030 2249 abstulerit
1047 2209 1132 2261 ipsa
1149 2209 1216 2248 Ιε-Δ
1232 2228 1241 2231 ⁴
