1509 2397
234 113 313 151 203
464 114 805 153 PHILIPPICA
845 114 903 152 ΙΙ.
933 113 1039 153 CAP.
1062 114 1125 152 12.

234 220 304 259 hos
333 220 553 259 auctoritate
581 221 668 260 mea
697 234 823 261 censes
851 222 1031 261 excitatos
1061 220 1204 273 potius,
1229 231 1350 271 quam

231 275 386 313 caritate
411 275 655 326 reipublicae?
685 276 868 327 Longum
890 284 946 314 est
966 274 1144 326 persequi
1167 280 1347 312 caeteros.

232 328 350 379 idque
368 328 586 380 reipublicae
596 330 835 381 praeclarum,
851 329 968 368 fuisse
979 337 1061 367 tam
1071 327 1240 374 multos3
1259 326 1352 379 ipsis

240 382 462 433 gloriosum.

289 436 393 474 XII.
413 437 485 483 At,
499 437 826 489 quemadmodum
837 451 900 476 me
911 436 1122 488 coarguerit
1134 435 1251 474 homo
1265 447 1355 473 acu-

237 497 313 537 tus,
322 490 582 529 recordamini.
595 494 622 513 “
635 492 783 530 Caesare
794 489 1179 542 interfecto,'’inquit,
1191 492 1219 512 ‘⁶
1228 488 1357 528 statim

236 552 437 582 cruentum
452 545 526 583 alte
539 546 723 583 extollens
738 545 798 583 M.
808 546 955 583 Brutus
966 544 1188 605 pugionem,
1202 543 1353 582 Cicero-

232 609 324 635 nem
343 598 571 636 nominatim
590 599 831 647 exclamavit,
844 606 959 650 atque
973 598 1008 636 ei
1026 604 1285 648 recuperatam
1302 596 1352 634 li-

232 652 417 690 bez-tatem
433 660 489 690 est
503 653 756 702 gratulatus?
773 652 957 691 Curmihi
967 651 1235 703 potissimum?
1249 649 1354 702 quod

234 705 430 744 sciebam?
461 707 499 743 V
501 706 576 753 ide,
597 719 644 744 ne
662 707 730 744 1115
754 719 867 744 causa
893 706 1008 744 fuerit
1027 704 1246 756 appellandi
1268 716 1347 752 me,

233 759 351 809 quod,
373 772 462 797 cum
491 773 573 798 rem
597 761 772 811 gessisset
794 760 1032 798 consimilem
1055 758 1198 797 rebus
1187 758 1234 796 115
1256 770 1353 810 quas

234 812 316 863 ipse
334 826 538 864 gesseram,
558 827 621 851 me
646 815 887 865 potissimum
905 821 1063 852 testatus
1081 820 1151 859 αεὶ,
1171 825 1213 851 se
1233 825 1354 850 aemu-

233 866 319 904 lum
336 880 510 905 mearum
527 868 689 905 laudum
709 868 905 906 exstitisse.
935 868 1002 905 Tu
1016 874 1160 912 autem,
1176 866 1353 904 omnium

235 921 470 967 stultissime,
491 934 568 960 non
582 922 777 973 intelligis,
799 922 831 959 si
848 922 907 970 id,
924 921 1029 972 quod
1045 934 1109 959 me
1127 919 1268 971 arguis,
1289 932 1356 958 vo-

235 973 351 1012 luisse
364 975 524 1013 interfici
543 975 748 1023 Caesarem,
768 976 912 1014 crimen
931 975 978 1013 sit
994 989 1006 1020 3
1028 975 1158 1022 etiam,
1182 974 1355 1012 laetatum

234 1041 316 1066 esse
334 1037 456 1066 morte
475 1029 649 1076 Caesaris,
663 1029 807 1067 crimen
823 1031 930 1068 esse?
963 1028 1072 1076 Quid
1086 1028 1190 1066 enim
1200 1027 1356 1066 interest

234 1081 333 1119 inter
351 1096 543 1121 suasorem
561 1083 652 1121 facti
671 1091 707 1121 et
725 1083 995 1134 probatorem?
1024 1082 1091 1120 aut
1110 1081 1204 1133 quid
1222 1081 1350 1128 refert,

236 1143 369 1174 utrum
388 1137 574 1174 voluerim
600 1136 694 1184 fieri,
719 1150 768 1174 an
792 1137 981 1188 gaudeam
998 1136 1178 1174 factum?
1207 1134 1354 1186 Ecquis

237 1197 294 1227 est
311 1190 441 1240 igitur,
459 1199 495 1228 te
514 1199 685 1241 excepto,
706 1200 743 1229 et
761 1191 806 1229 iis
825 1191 893 1242 qui
910 1191 1023 1228 illum
1041 1202 1198 1240 regnare
1211 1188 1356 1249 gaude-

237 1245 345 1289 bant,
367 1245 435 1295 qui
452 1245 550 1282 illud
568 1253 635 1282 aut
657 1244 739 1282 fieri
758 1244 936 1293 noluerit,
964 1251 1032 1282 aut
1048 1242 1222 1281 factum
1212 1255 1356 1293 impro-

239 1297 373 1336 barit?
408 1311 540 1336 omnes
565 1311 653 1349 ergo
685 1299 727 1336 in
759 1299 898 1349 culpa:
936 1297 1078 1336 etenim
1108 1310 1240 1335 omnes
1262 1296 1355 1334 boni

241 1354 447 1402 (quantum
471 1352 511 1389 in
536 1352 628 1403 ipsis
654 1352 746 1399 fuit)
773 1353 965 1391 Caesarem
986 1350 1214 1389 occiderunt.
1254 1349 1358 1388 Aliis

240 1406 457 1466 consilium,
478 1405 561 1444 aliis
573 1406 738 1455 animus,
751 1406 835 1445 aliis
849 1405 1006 1455 occasio,
1018 1404 1167 1451 defuit3
1186 1405 1364 1443 voluntas

244 1459 403 1497 nemini.

295 1513 371 1552 Sed
390 1522 585 1566 stuporem
608 1515 789 1562 hominis,
813 1515 875 1553 vel
901 1514 1027 1553 dicam
1047 1512 1217 1565 pecudis,
1237 1519 1362 1551 atten-

241 1567 331 1604 dite.
363 1568 425 1606 Sic
443 1568 546 1606 enim
565 1568 663 1607 dixit
680 1583 690 1607 z
723 1572 751 1592 “
771 1569 834 1607 Μ.
861 1569 1022 1615 Brutus,
1047 1571 1182 1619 (quem
1200 1579 1270 1618 ego
1286 1566 1361 1604 ho-

241 1621 343 1659 noris
361 1623 475 1660 0511511
494 1622 667 1669 nomino)
688 1631 890 1662 cruentum
907 1622 1115 1673 pugionem
1134 1628 1278 1669 tenens,
1294 1620 1362 1659 Ci-

241 1687 416 1713 ceronem
446 1677 695 1714 exclamavit:
739 1690 785 1715 ex
816 1689 893 1728 quo
921 1675 1084 1726 intelligi
1115 1674 1240 1722 debet,
1268 1686 1358 1712 eum

242 1729 435 1766 conscium
452 1729 608 1767 fuisse.”
637 1730 743 1781 Ergo
763 1743 833 1781 ego
858 1730 1058 1769 sceleratus
1076 1728 1246 1779 appeHor
1264 1740 1287 1765 a
1306 1735 1359 1776 te,

241 1795 360 1833 quem
379 1790 421 1820 tu
436 1783 670 1844 suspicatum
689 1783 837 1835 aliquid
855 1783 1077 1844 suspicaris:
1098 1782 1177 1829 1115,
1198 1781 1266 1833 qui
1277 1781 1361 1819 stil-

240 1836 385 1874 lantem
403 1850 484 1887 prae
509 1850 547 1874 se
565 1838 782 1898 pugionem
798 1837 931 1884 tulit,
919 1849 952 1875 15
971 1850 994 1874 5
1011 1843 1049 1874 te
1073 1835 1226 1874 honoris
1246 1849 1361 1874 051155

242 1889 493 1928 nominatur?
532 1890 655 1928 Esto:
696 1891 744 1929 sit
771 1891 813 1928 in
841 1890 965 1929 verbis
995 1890 1072 1928 tuis
1106 1889 1169 1928 hic
1201 1897 1357 1941 stupor·

243 1951 387 1995 quanto
405 1944 446 1981 in
465 1946 577 1983 rebus
596 1945 868 1996 sententiisque
881 1945 1004 1994 major
1019 1944 1029 1982 !
1061 1943 1259 1982 Constitue
1272 1943 1359 1991 hoc,

243 1998 388 2044 consul,
420 1998 656 2049 aliquando3
686 1999 913 2045 Brutorum,
941 1998 986 2037 C.
1008 1997 1143 2044 Cassii,
1173 1996 1361 2035 011.Βο-

242 2051 356 2099 mitii,
377 2052 422 2090 C.
438 2052 637 2099 Trebonii,
657 2052 905 2113 reliquorum,
926 2064 1044 2103 quam
1062 2051 1155 2090 velis
1173 2063 1251 2089 esse
1269 2063 1362 2088 cau-

241 2117 349 2142 sam:
371 2105 516 2143 edormi
530 2106 763 2157 crapulam,
753 2119 928 2158 mquam,
945 2114 983 2145 et
1001 2105 1149 2144 exhala-
1176 2105 1245 2142 An
1257 2103 1358 2142 15οω

239 2158 488 2198 admovendae
499 2167 603 2210 sunt,
615 2173 702 2212 quae
716 2168 754 2199 te
769 2160 949 2209 excitent,
963 2166 1079 2199 tantae
1092 2171 1214 2199 causae
1228 2157 1356 2196 indor-
