1509 2397
923 37 968 54 s

272 83 388 123 PRO
410 83 608 123 RABIR.
631 82 923 123 POSTUMO.
956 84 1061 122 ΕΜ).
1088 85 1148 122 12.
1197 85 1267 123 131

145 195 274 234 ‘silium
293 206 340 231 ex
358 191 592 239 necessitate,
614 204 684 230 nec
702 191 938 230 voluntatem
960 205 1008 230 ex
1019 192 1071 239 vi,
1087 191 1273 245 interpre-

142 249 239 288 tari:
269 247 343 285 nisi
361 246 458 285 forte
476 259 539 285 eos
558 245 688 294 etiam,
716 246 784 298 qui
805 246 845 283 in
866 246 990 285 hostes
1009 257 1076 284 aut
1106 247 1147 284 in
1176 261 1275 298 prae-

144 303 262 342 dones
290 300 505 348 inciderint,
545 300 577 338 si
607 301 717 339 aliter
746 300 948 352 quidpiam
985 301 1103 339 coacti
1132 301 1274 340 faciant

139 369 259 409 quam
272 356 404 403 libere,
414 354 684 406 vituperandos
692 362 814 406 putes.
836 355 877 392 N
881 367 966 393 emo
978 357 1152 393 nostrum
1164 356 1274 406 igno-

139 418 213 472 rat,
234 409 350 449 etiam
369 409 402 447 si
427 409 575 461 experti
598 421 677 447 non
704 421 852 457 sumus,
878 409 1196 447 consuetudinem
1212 423 1274 448 re-

246 465 443 515 .Regum
463 471 595 501 autem
612 463 694 501 haec
713 470 804 501 sunt
815 463 1003 509 innuerim
1036 466 1064 485 “
1076 463 1273 502 Animad-

139 526 268 564 verte3
257 519 298 543 ·'’
319 525 372 566 et,
390 520 418 540 “
431 517 548 556 Dicto
566 530 681 568 pare·
670 518 698 563 ,’
703 518 784 566 ’,81
801 519 828 539 “
843 518 987 555 Praeter
1002 517 1226 568 rogitatum,
1240 518 1272 556 si

140 572 391 625 quidpiam&
431 599 462 610 ..
492 579 529 610 et
547 572 623 610 inae
637 571 768 619 minae,
791 573 820 593 ‘
836 572 878 610 Si
889 579 927 609 te
939 571 1104 610 secundo
1122 572 1272 610 lumine

137 627 204 666 hie
233 626 439 674 offendero,
466 626 671 665 moriere.”
714 625 830 673 Quae,
858 638 935 664 non
960 633 1005 664 ut
1037 625 1272 664 delectemur

139 682 282 731 solum,
316 681 442 732 legere
474 687 512 718 et
541 688 708 732 spectare
734 680 932 728 debemus,
968 679 1035 718 sed
1064 688 1109 718 ut
1138 693 1269 719 cavere

138 735 255 775 etiam
274 741 312 775 et
330 735 498 786 effugere
516 734 719 773 discamus.

192 793 254 828 At
275 802 323 829 ex
344 789 417 827 hoc
441 789 524 840 ipso
548 788 693 827 crimen
715 788 895 827 exoritur.
928 788 1002 827 Ait
1024 788 1142 836 enim,
1169 789 1267 828 dum

137 843 305 884 Gabinio
322 843 527 895 pecuniam
540 843 749 881 Postumus
768 850 917 894 cogeret
936 856 984 881 ex
1003 843 1174 882 decumis
1193 843 1268 881 im-

137 906 373 950 peratorum,
400 897 605 949 pecuniam
635 897 708 936 sibi
733 897 912 948 coegisse.
956 897 1051 936 Non
1076 897 1265 949 intelligo,

135 953 210 992 hoc
228 953 342 1005 quale
362 951 437 998 sit3
466 959 601 990 utrum
631 952 884 990 accessionem
903 951 1077 990 decumae
1097 955 1160 995 <ut
1177 965 1266 991 nos-

138 1007 189 1046 tri
205 1007 329 1046 facere
340 1014 528 1045 coactores
541 1006 663 1044 solent
678 1006 925 1055 centesimae),
939 1018 989 1044 an
1009 1006 1266 1045 decessionem

136 1061 186 1100 de
204 1061 373 1109 summa,
393 1060 535 1099 fecerit.
566 1061 612 1099 Si
635 1060 884 1099 accessionem
902 1074 914 1106 ;
944 1060 1124 1099 undecim
1142 1061 1267 1099 millia

131 1116 320 1154 talentum
345 1114 396 1153 ad
418 1114 632 1153 Gabinium
657 1123 925 1167 pervenerunt.
963 1117 1023 1153 At
1046 1127 1125 1153 non
1148 1115 1264 1154 modo

133 1171 202 1209 abs
224 1178 262 1209 te
284 1169 415 1208 decem
440 1169 565 1208 millia
589 1170 738 1218 objecta
768 1176 872 1217 sunt,
900 1169 965 1207 sed
991 1169 1106 1208 etiam
1129 1170 1178 1207 ab
1203 1169 1265 1208 his

135 1224 332 1263 aestimata.
361 1223 482 1262 Addo
504 1222 604 1261 illud
627 1223 742 1262 etiam
760 1238 770 1261 :
802 1225 873 1275 qui
897 1224 1054 1262 tandem
1074 1223 1264 1272 convenit,

132 1286 215 1325 aut,
231 1285 312 1316 tam
330 1278 438 1329 gravi
450 1291 563 1316 onere
581 1277 814 1316 tributorum
833 1277 883 1316 ad
900 1285 1048 1316 tantam
1060 1277 1263 1329 pecuniam

134 1332 359 1384 cogendam,
380 1331 488 1370 mille
506 1331 695 1370 talentum
713 1332 963 1370 accessionem
991 1345 1070 1370 esse
1088 1332 1260 1370 factam·
1247 1361 1260 1378 ‚

134 1395 217 1433 aut,
248 1386 289 1424 in
321 1386 430 1424 tanta
461 1385 634 1424 mercede
663 1386 832 1424 hominis
858 1390 919 1428 (ut
939 1386 1012 1433 vis)
1036 1386 1262 1434 avarissimi,

133 1440 241 1479 mille
259 1441 446 1479 talentum
466 1439 603 1478 decess
576 1452 721 1478 510118111
741 1453 797 1478 855
800 1453 819 1478 8
838 1453 1078 1479 concessam.
1069 1442 1086 1468 9
1121 1440 1264 1492 Neque

133 1495 237 1534 enim
256 1494 332 1533 fuit
351 1494 522 1542 Gabinii,
543 1494 735 1532 remittere
753 1501 906 1532 tantum
925 1495 972 1532 de
991 1507 1086 1540 511ος
1117 1507 1187 1533 nec
1200 1507 1260 1533 re-

130 1549 207 1611 gis,
223 1549 420 1601 imponere
439 1556 593 1587 tantum
618 1549 700 1600 pati
722 1548 811 1587 suis.
840 1548 1024 1587 Aderunt
1048 1556 1176 1617 testes,
1203 1549 1260 1588 le-

130 1604 211 1655 gati
227 1602 498 1642 Alexandrini.
537 1602 596 1640 Hi
622 1602 755 1641 nihil
745 1616 786 1641 111
810 1603 1024 1642 Gabinium
1049 1603 1256 1642 aixerunt.

134 1658 310 1696 immohi
329 1657 542 1696 Gabinium
560 1657 826 1696 laudaverunt.
856 1658 939 1697 Ubi
957 1671 1047 1709 ergo
1066 1657 1132 1695 ille
1142 1670 1226 1696 mos
1237 1657 1256 1694 ’ἒ

130 1712 200 1751 ubi
212 1711 444 1751 consuetudo
459 1711 693 1762 judiciorum
707 1714 725 1751 .9
745 1712 814 1750 ubi
826 1713 1004 1764 exempla
1020 1715 1038 1751 Ρ
1060 1713 1212 1751 Soletne
1225 1712 1258 1750 is

130 1766 278 1806 dicere
267 1780 308 1805 111
323 1779 414 1805 eum
422 1767 490 1818 qui
500 1766 705 1828 pecuniam
716 1766 876 1818 redegit,
898 1767 966 1819 qui
984 1767 1025 1805 in
1043 1767 1172 1815 illum,
1188 1780 1256 1806 cu-

125 1823 192 1873 jus
205 1821 362 1860 nomine
376 1835 420 1860 ea
430 1821 594 1873 pecunia
607 1821 854 1872 redigeretur,
870 1833 947 1859 non
963 1821 1120 1860 dixerit.
1112 1823 1129 1849 9
1149 1821 1255 1872 Age,

130 1874 164 1915 si
175 1876 223 1924 is,
244 1876 314 1928 qui
331 1888 409 1914 non
428 1875 541 1924 dixit,
555 1876 671 1921 solet;
694 1876 859 1914 etiamne
873 1876 905 1914 is
919 1876 1027 1923 solet,
1041 1876 1110 1927 qui
1121 1876 1257 1914 lauda-

130 1930 218 1970 vit?
247 1930 392 1969 lisdem
411 1929 586 1977 testibus,
613 1937 651 1968 et
678 1930 836 1981 quidem
855 1943 933 1968 non
951 1930 1162 1981 productis,
1190 1929 1257 1968 sed

129 1983 240 2024 dictis
257 1984 414 2023 testium
434 1984 612 2032 recitatis,
633 1984 744 2036 quasi
768 1984 1017 2036 praejudicata
1034 1997 1093 2022 res
1111 1983 1162 2022 ad
1186 1984 1257 2022 has

131 2052 262 2077 causas
280 2038 418 2077 deferri
437 2038 542 2077 solet.

184 2093 287 2131 XII.
315 2093 373 2132 Et
389 2093 443 2131 ait
462 2092 579 2131 etiam
596 2105 706 2131 meus
733 2093 931 2131 familiaris
952 2100 990 2131 et
1007 2092 1253 2140 necessarius,

132 2147 307 2186 eamdem
331 2160 486 2186 causam
510 2147 787 2186 Alexandrinis
808 2147 939 2194 fuisse,
963 2160 1032 2186 cur
1055 2146 1257 2185 laudarent

133 2200 358 2249 Gabinium,
368 2214 456 2253 quae
467 2201 565 2239 mihi
576 2201 704 2249 fuerit,
719 2215 787 2241 cur
801 2201 982 2240 eumdem
996 2200 1253 2240 defenderem.
