1509 2397
263 117 315 154 50
519 116 585 156 IN
615 117 890 158 PISONEM.
919 117 1025 158 CAP.
1053 119 1120 157 22.

261 222 462 269 sociorum,
492 224 730 273 exhauserat,
750 239 840 265 cum
856 226 999 278 partim
1016 227 1099 276 ejus
1123 224 1262 278 praedae
1284 237 1374 279 pro·

262 276 394 315 fundae
410 278 585 317 libidines
603 280 857 327 devorassent,
877 280 1017 332 partim
1029 291 1128 318 nova
1145 277 1322 331 quaedam
1337 287 1375 319 et

260 329 433 369 inaudita
451 333 634 381 luxuries,
654 334 795 385 partim
814 334 930 372 etiam
941 334 982 371 in
1000 333 1075 371 illis
1090 333 1196 382 lociS,
1208 333 1277 372 ubi
1288 346 1372 372 om-

261 385 326 422 nia
336 384 507 436 diripuit,
522 387 717 434 emtionoe,
731 388 871 439 partim
883 387 1193 438 permutationes,
1209 386 1259 425 ad
1269 387 1374 426 hunc

262 437 529 478 Tusculanum
554 449 725 479 montem
748 441 1046 487 exstruendum3
1076 453 1166 480 cum
1186 442 1270 491 jam
1288 453 1376 492 ege-

260 498 332 540 ret,
353 505 442 530 cum
460 494 527 531 illa
546 495 628 543 ejus
646 495 834 533 immensa
853 502 890 533 et
907 495 1153 533 intolerabilis
1179 494 1378 532 aedifioetio

260 546 510 592 constitissem
542 561 580 585 se
599 548 740 599 ipsum,
761 549 878 586 fasces
897 561 997 592 suos,
1014 548 1223 586 exercitum
1240 547 1378 599 populi

261 598 444 646 Romani,
476 613 620 639 numen
640 602 960 653 interdictumque
979 601 1153 640 Deorum
1179 601 1378 640 immorta-

260 652 373 700 lium,
383 667 560 705 responsa
571 656 821 702 sacerdotum,
831 656 1092 694 auctoritatem
1103 657 1265 699 senatus,
1270 656 1380 704 jussa

261 707 410 758 populi,
431 720 569 747 nomen
588 722 631 747 ac
649 709 875 760 dignitatem
899 709 1063 760 imperii,
1091 709 1172 759 regi
1191 708 1379 760 AEgyptio

261 761 442 799 vendidit.
473 762 575 800 Cum
594 762 687 800 fines
705 763 906 814 provinciae
924 770 1048 801 tantos
1066 762 1234 809 haberet,
1254 774 1378 813 quan·

261 820 320 852 tos
338 815 521 861 voluerat,
549 824 711 867 quantos
729 823 937 867 optaverat,
967 823 1130 868 quantos
1148 816 1225 854 mei
1243 816 1378 867 capitis

261 868 382 918 pretio
400 870 643 920 periculoque
663 878 828 915 emerat;
858 870 918 908 his
938 883 976 908 se
994 877 1120 908 tenere
1131 881 1209 907 non
1226 870 1374 921 potuit:

262 922 470 960 exercitum
490 923 622 960 eduxit
641 937 688 961 ex
707 924 828 974 Syria.
859 923 943 970 Qui
965 923 1073 961 licuit
1098 931 1204 962 extra
1221 923 1379 974 provin·

262 974 392 1013 ciam?
422 976 578 1014 Tribuit
597 990 635 1015 se
655 977 928 1015 mercenarium
950 977 1127 1014 comitem
1146 977 1226 1027 regi
1250 977 1378 1015 Alex-

261 1028 431 1067 andrino.
449 1030 557 1077 Quid
568 1031 640 1068 hoc
651 1031 828 1081 turpius?
843 1032 891 1069 In
900 1031 1118 1082 AEgyptum
1130 1031 1253 1068 venit:
1268 1030 1381 1082 signa

261 1083 422 1121 contulit
444 1096 532 1121 cum
551 1084 838 1122 Alexandrinis.
868 1084 1035 1132 Quando
1057 1084 1129 1122 hoc
1147 1084 1295 1122 bellum
1308 1091 1380 1123 aut

261 1135 323 1174 hic
335 1136 426 1174 ordo
438 1145 505 1175 aut
517 1139 683 1189 populus
698 1146 911 1189 susceperat
920 1141 937 1176 ?
957 1138 1071 1188 Cepit
1081 1137 1375 1176 Alexandriam.

262 1189 372 1236 Quid
391 1190 496 1228 aliud
510 1198 776 1242 exspectamus
796 1205 819 1230 a
836 1192 963 1230 furore
981 1193 1076 1240 ejus,
1097 1191 1170 1229 nisi
1188 1198 1233 1229 ut
1250 1191 1300 1229 ad
1319 1203 1378 1230 se-

259 1251 397 1281 natum
415 1245 530 1282 tantis
548 1245 596 1282 de
614 1247 726 1284 rebus
745 1246 857 1296 gestis
870 1245 996 1283 literas
1014 1245 1142 1282 mittat
1157 1247 1176 1283 ,⁹

317 1297 395 1335 Hic
409 1298 440 1335 si
453 1298 592 1336 mentis
611 1307 705 1337 esset
720 1311 811 1346 suae,
831 1299 904 1337 nisi
922 1311 1050 1350 poenas
1068 1298 1201 1349 patriae
1213 1297 1381 1351 Diisque
1448 1341 1459 1351 ,

261 1350 544 1390 immortalibus
556 1365 632 1399 eas,
655 1366 742 1404 quae
760 1353 992 1404 gravissimae
1004 1359 1106 1400 sunt,
1121 1351 1250 1390 furore
1260 1360 1378 1404 atque

261 1404 411 1442 insania
429 1406 633 1456 penderet;
664 1420 777 1444 ausus
797 1414 891 1445 esset
919 1407 1060 1454 (mitto,
1091 1406 1193 1444 exire
1215 1405 1262 1444 de
1286 1419 1378 1458 pro·

262 1458 402 1506 vincifi)
422 1459 579 1498 educere
598 1461 820 1508 exercitum,
841 1461 987 1499 bellum
999 1460 1068 1497 sua
1082 1466 1214 1510 sponte
1232 1473 1375 1510 gerere,

262 1511 303 1550 in
321 1525 485 1563 regnum
498 1513 646 1563 injussu
660 1514 796 1566 populi
814 1521 881 1552 aut
898 1517 1047 1553 senatus
1061 1513 1234 1551 accedere
1248 1516 1265 1551 Ρ
1285 1527 1373 1565 quae

263 1578 353 1603 cum
365 1567 541 1617 plurimae
552 1568 654 1619 leges
669 1576 824 1615 veteres,
840 1576 925 1606 tum
936 1568 1000 1606 lex
1008 1567 1184 1605 Cornelia
1197 1568 1375 1615 majesta·

262 1619 326 1665 tis,
347 1620 377 1657 J
379 1620 457 1658 ulia
473 1621 521 1659 de
549 1622 719 1673 pecuniis
746 1622 976 1673 repetundis,
995 1619 1215 1672 planissime
1234 1627 1376 1659 vetant.

264 1672 342 1710 Sed
352 1673 433 1711 haec
451 1675 596 1714 omitto.
614 1676 702 1723 Ille,
716 1677 749 1714 si
759 1688 837 1714 non
849 1675 1026 1714 acerrime
1037 1674 1191 1721 fureret,
1205 1674 1375 1724 auderet,

261 1739 382 1778 quam
400 1729 635 1778 provinciam
654 1731 699 1768 P.
721 1730 923 1776 Lentulus,
943 1728 1193 1766 amicissimus
1207 1727 1297 1766 huic
1314 1739 1378 1766 or-

263 1781 359 1828 dini,
379 1793 469 1819 cum
489 1790 525 1820 et
544 1784 764 1822 auctoritate
783 1786 931 1821 senatus
950 1789 986 1820 et
1011 1789 1110 1820 sorte
1126 1781 1297 1827 haberet,
1315 1781 1379 1820 in·-

263 1834 444 1885 terposita
462 1836 657 1887 religione,
678 1838 758 1875 sine
776 1838 858 1875 ulla
875 1836 1110 1874 dubitatione
1128 1835 1376 1886 deposuisset,

264 1901 350 1926 eam
369 1888 441 1926 sibi
458 1889 673 1937 adsciscere,
694 1903 797 1939 cum,
817 1891 933 1929 etiam
951 1891 982 1928 si
1000 1889 1131 1940 religio
1157 1901 1233 1926 non
1252 1888 1376 1940 impe-

262 1942 373 1988 diret,
393 1954 476 1980 mos
494 1945 685 1992 majorum
703 1952 846 1992 tamen,
867 1952 904 1983 et
921 1943 1110 1994 exempla,
1138 1949 1176 1980 et
1198 1942 1378 1994 gravissi-

263 2008 338 2033 mae
356 1996 488 2047 legum
505 2009 638 2048 poenae,
659 2001 858 2037 vetarent?

318 2050 463 2088 XXII.
493 2051 583 2099 Sed,
615 2052 796 2103 quoniam
828 2052 1069 2090 fortunarum
1095 2049 1376 2089 contentionem

265 2103 388 2142 facere
402 2104 605 2156 coepimus;
627 2105 675 2144 de
693 2106 816 2144 reditu
828 2105 986 2145 Gabinii
996 2104 1237 2144 omittamus:
1258 2115 1375 2155 quem

263 2158 336 2197 etsi
354 2157 426 2197 sibi
450 2158 531 2210 ipse
549 2159 733 2210 praecidit,
755 2173 828 2212 ego
844 2167 989 2207 tamen,
1017 2171 1060 2197 os
1077 2164 1122 2196 ut
1137 2156 1288 2196 videam
1305 2157 1379 2196 ho·
