1509 2397
537 443 764 481 ORATlo
791 443 881 481 XL.

664 587 771 595 ——-

383 699 512 746 PRO
549 698 620 745 M.
655 696 1040 746 MARCELLO.

636 838 790 870 -Φ-

490 960 788 1000 ARGUMEN
791 960 871 999 TU
873 959 936 998 M.

153 1073 216 1112 M.
238 1073 537 1114 MARCELLUS
564 1075 892 1127 Pompeianarum
915 1074 1084 1126 partium
1113 1073 1154 1111 in
1178 1073 1281 1111 bello

153 1128 256 1167 civili
273 1128 423 1175 fueram
454 1142 579 1181 neque
598 1138 728 1168 tamen
749 1137 920 1167 extrema
937 1135 1158 1180 persecutus
1178 1134 1280 1172 erat3

155 1182 235 1231 sed„
255 1183 355 1222 victo
373 1183 424 1222 ad
437 1184 669 1222 Pharsalum
689 1183 891 1235 Pompeio,
907 1183 1121 1234 Mitylenas
1140 1195 1179 1220 se
1193 1194 1284 1220 con»

154 1237 320 1283 tulerat3
349 1238 481 1289 ibique
499 1238 642 1277 otiosus
660 1239 698 1276 in
720 1239 838 1276 literis
849 1237 1009 1284 vixerat⁷
1026 1237 1108 1275 sine
1119 1237 1201 1274 ullo
1216 1249 1295 1288 pam

156 1290 240 1329 triae
258 1291 454 1330 desiderio.
486 1292 594 1331 Huic
618 1300 664 1331 ut
680 1292 834 1331 veniam
852 1291 974 1339 daret,
994 1298 1031 1329 et
1056 1290 1223 1329 reditum
1242 1290 1284 1328 in

155 1345 322 1396 patriam
340 1345 577 1398 permitteret
596 1347 738 1395 Caesar,
759 1359 850 1385 cum
865 1355 961 1384 esset
974 1359 997 1383 a
1014 1344 1130 1383 fratre
1145 1345 1228 1394 ejus
1247 1350 1306 1382 et·

157 1399 336 1438 universo
361 1408 496 1438 senatu
519 1401 743 1453 suppliciter
770 1407 939 1451 rogatus,
969 1399 1141 1437 dolorem
1167 1411 1286 1437 suum

158 1453 310 1492 senatui
338 1453 576 1493 condonavit.
607 1455 700 1503 Quo
725 1455 839 1503 facto,
867 1454 939 1492 hae
958 1454 1127 1492 oratione
1145 1453 1288 1504 gratias

160 1507 303 1546 caesari
321 1508 578 1560 amplissimas
605 1510 647 1548 in
677 1517 810 1548 senatu
831 1508 908 1560 egit
934 1508 1080 1546 Cicero.
1110 1507 1173 1545 Ea
1191 1507 1288 1545 duas

158 1569 284 1612 partes
313 1563 453 1602 habet:
484 1577 652 1616 quarum
681 1565 808 1616 prima
835 1563 877 1600 in
906 1562 1022 1601 laude
1050 1563 1168 1611 hujus
1196 1560 1289 1599 facti

160 1624 346 1665 versatur,
367 1624 406 1656 et
423 1624 479 1656 est
496 1617 882 1670 magnificentissimis
896 1617 1022 1656 verbis
1037 1617 1201 1668 scripta3
1232 1615 1289 1654 al-

162 1676 244 1708 tera
261 1679 392 1763 &ailitem
412 1672 573 1712 Caesaris
598 1673 644 1713 de
658 1673 805 1712 insidiis
820 1671 1050 1724 suspiciones
1063 1672 1195 1710 inanes
1210 1683 1290 1709 esse

161 1731 269 1764 osten
311 1733 339 1765 t.
