1509 2397
235 89 315 127 260
497 86 844 128 PHILLIPICA
869 88 946 127 IV.
978 88 1084 127 CAP.
1100 89 1137 126 2.

227 203 424 247 speratum
443 196 622 236 omnibus
641 196 857 246 consilium,
886 196 1124 248 incognitum
1153 202 1266 245 certe,
1292 209 1354 236 ce-

228 250 340 301 perit,
368 258 412 288 ut
442 250 651 289 exercitum
675 251 861 290 invictum
891 264 939 289 ex
968 251 1135 303 paternis
1162 250 1352 290 militibus

229 304 442 353 conficeret,
463 305 704 356 Antoniique
730 304 913 351 furorem,
935 304 1203 344 crudelissimis
1231 304 1354 344 consi-

227 357 289 396 liis
308 357 522 405 incitatum,
543 372 566 396 a
583 359 748 410 pernicie
767 358 986 410 reipublicae
1004 366 1198 397 averteret.

284 412 342 449 II.
374 411 474 459 Quis
495 420 549 450 est
582 413 700 460 enim,
733 412 801 464 qui
830 413 902 451 hoc
934 423 1011 450 non
1043 412 1246 463 intelligat,
1277 412 1352 451 nisi

229 465 357 504 Caesar
376 466 586 504 exercitum
606 466 826 518 paravisset,
858 478 935 504 non
966 466 1046 504 sine
1079 466 1195 505 exitio
1223 473 1351 505 nostro

228 519 406 557 futurum
425 520 589 558 Antonii
617 520 783 558 reditum
811 520 960 558 fuisse?
992 520 1053 558 Ita
1081 520 1183 558 enim
1203 532 1242 558 se
1260 520 1353 558 reci-

229 573 359 624 piebat
377 573 513 612 ardens
539 574 626 612 odio
646 574 772 621 vestri,
794 581 973 612 cruentus
992 573 1176 625 sanguine
1193 573 1352 623 civium,

228 640 326 678 quos
346 628 508 675 Suessae,
529 641 626 679 quos
646 628 859 676 Brundisii,
880 627 1080 676 occiderat,
1100 635 1145 666 ut
1163 626 1261 665 nihil
1279 628 1353 666 nisi

227 681 276 719 de
304 681 521 732 reipublicae
540 682 704 733 pernicie
723 682 915 733 cogitaret.
962 681 1081 729 Quod
1113 688 1244 720 autem
1272 688 1353 721 erat

228 735 451 786 praesidium
471 736 603 774 salutis
622 736 882 788 libertatisque
907 743 1051 786 vestrae,
1073 735 1105 774 si
1123 735 1168 774 C.
1190 735 1351 775 Caesaris

227 788 599 841 fortissimorumque
627 791 686 828 sui
714 790 832 841 patris
861 789 1032 828 militum
1061 790 1249 829 exercitus
1275 802 1353 829 non

227 842 392 882 fuisset?
424 843 548 893 Cujus
577 844 625 882 de
649 844 843 893 laudibus,
874 851 911 882 et
940 843 1163 905 honoribus,
1194 843 1280 896 (qui
1299 844 1350 893 ei,

227 910 297 948 pro
322 897 461 936 divinis
488 905 525 936 et
550 898 832 936 immortalibus
862 897 1021 947 meritis,
1050 897 1203 936 divini
1192 910 1353 936 immor-

228 951 399 1003 talesque
418 951 622 1000 debentur)
642 952 739 989 mihi
758 959 911 990 senatus
939 964 1112 991 assensus
1131 951 1247 1003 paulo
1265 958 1354 990 ante

227 1005 406 1054 decrevit,
428 1013 471 1044 ut
489 1006 614 1057 primo
633 1019 787 1058 quoque
806 1013 976 1058 ternpore
995 1005 1206 1044 referretur.
1255 1005 1349 1054 Quo

227 1058 390 1108 decreto,
419 1060 544 1161 quisQ
533 1073 608 1098 non
635 1060 826 1152 perspicit}
847 1060 1068 1098 Antonium
1097 1060 1247 1098 hostem
1273 1072 1353 1098 esse

224 1112 466 1162 judicatum
458 1116 474 1141 ⁹
505 1114 635 1161 Quem
669 1113 773 1152 enirn
803 1114 994 1165 apellare
1007 1125 1224 1175 possumus
1243 1125 1348 1161 eum,

228 1174 358 1205 contra
377 1180 493 1219 quem
522 1169 590 1219 qui
610 1168 796 1206 exercitus
844 1175 978 1217 ucunt,
1005 1168 1050 1205 iis
1069 1175 1222 1206 senatus
1248 1167 1352 1206 arbi-

228 1227 351 1259 tratur
369 1222 579 1272 singulares
594 1222 847 1273 exquirendos
865 1222 1026 1260 honores
1038 1221 1056 1258 ?

283 1274 392 1323 Quid
419 1275 519 1326 legio
544 1276 723 1315 Martia?
754 1290 842 1328 quae
869 1276 965 1314 mihi
992 1275 1142 1314 videtur
1169 1275 1352 1315 divinitus

228 1330 278 1367 ab
297 1341 341 1367 eo
368 1328 455 1367 Deo
482 1329 641 1368 traxisse
669 1342 824 1377 nomen,
845 1343 869 1368 a
887 1343 964 1382 quo
982 1330 1174 1382 populum
1201 1330 1350 1368 Roma-

227 1395 324 1420 num
356 1391 581 1434 generatum
610 1384 840 1436 accepimus,
868 1396 944 1422 non
976 1385 1059 1436 ipsa
1088 1384 1166 1422 suis
1195 1383 1351 1422 decretis

227 1437 348 1488 prius,
369 1451 488 1488 quam
508 1444 676 1485 senatus,
706 1438 855 1477 hostem
879 1437 1066 1488 judicavit
1092 1437 1313 1476 Antonium
1329 1439 1348 1476 ?

229 1491 352 1540 Nam,
372 1491 436 1529 ille
468 1492 499 1530 si
524 1504 601 1530 non
629 1492 761 1540 hostis,
792 1492 860 1544 qui
878 1493 1072 1531 consulem
1098 1492 1349 1544 reliquerunt,

227 1544 355 1584 hostes
377 1558 526 1584 necesse
546 1554 602 1584 est
617 1546 847 1596 judicemus.
877 1546 1064 1585 Praeclare
1081 1554 1119 1585 et
1136 1546 1233 1594 loco,
1249 1545 1350 1594 Qui-

226 1598 331 1646 rites,
345 1599 612 1638 reclamatione
627 1601 752 1639 vestra
762 1601 908 1639 factum
922 1600 1224 1660 pulcherrimum
1239 1598 1351 1637 Mar-

227 1651 379 1691 tialium
398 1654 686 1704 comprobastis,
707 1654 775 1707 qui
794 1668 833 1693 se
845 1654 894 1692 ad
909 1657 1059 1693 senatus
1070 1653 1347 1702 auctoritatem,

228 1705 278 1744 ad
296 1706 510 1752 libertatem
530 1715 708 1756 vestram,
735 1708 785 1746 ad
812 1708 1028 1747 universam
1056 1706 1348 1758 rempublicam,

227 1760 500 1807 contulerunt3
530 1761 678 1800 hostem
705 1762 833 1810 illum,
853 1770 890 1800 et
916 1762 1118 1809 latronem,
1138 1767 1175 1798 et
1193 1760 1350 1812 parrici-

227 1813 318 1852 dam
338 1815 485 1866 patriae,
515 1815 762 1866 reliquerunt.
811 1817 852 1855 N
855 1829 896 1855 ec
915 1816 1039 1854 solum
1059 1815 1099 1853 id
1117 1814 1288 1853 animose
1310 1822 1348 1853 et

227 1867 389 1913 fortiter,
419 1869 485 1907 sed
513 1869 746 1909 considerate
778 1871 908 1918 etiam,
939 1869 1218 1921 sapienterque,
1250 1868 1349 1907 fece--

229 1928 331 1959 runt.
361 1922 477 1961 Albae
496 1923 757 1971 constiterunt,
772 1923 812 1962 in
826 1926 920 1963 urbe
934 1923 1164 1975 opportuna,
1180 1922 1346 1971 munita,

227 1975 460 2036 propinqua,
493 1976 787 2016 fortissimorum
818 1978 1002 2026 virorum,
1037 1976 1347 2016 fidelissimorum

227 2028 385 2077 civium,
417 2037 532 2083 atque
560 2031 807 2083 optimorum.
850 2032 983 2082 Hujus
1002 2030 1158 2070 Martiae
1188 2029 1349 2081 legionis

228 2082 329 2133 legio
347 2092 484 2135 quarta
515 2085 664 2124 imitata
694 2086 890 2134 virtutem,
914 2085 1011 2124 duce
1031 2085 1079 2123 11.
1095 2083 1343 2136 Egnatuleio,

225 2149 342 2187 quem
361 2146 514 2177 senatus
531 2140 666 2178 merito
684 2140 800 2191 paulo
819 2147 906 2179 ante
925 2139 1108 2189 laudavit,
1124 2139 1170 2178 C.
1187 2137 1347 2177 Caesaris

226 2191 434 2231 exercitum
456 2201 651 2245 persecuta
668 2202 733 2232 cst.
