1509 2397
275 129 359 170 ,304
496 129 838 170 PHILIPPICA
865 130 964 170 V11.
995 129 1102 169 CAP.
1130 125 1170 168 8⁷.

281 240 401 277 tinam
438 239 726 287 circumsedent,
755 239 1021 290 imperatorem
1053 236 1188 289 populi
1225 235 1393 275 Romani

279 293 564 345 exercitumque
581 301 820 345 oppugnant,
833 293 879 331 iis
897 305 1030 344 pacem
1048 304 1137 330 cum
1156 291 1300 342 populo
1311 290 1394 328 Ro-

281 359 396 385 mano
411 360 488 385 esse
499 361 607 398 posse
621 350 638 386 ἓ
666 349 735 385 An
750 359 840 386 cum
854 345 1071 397 municipiis
1085 358 1163 397 pax
1175 345 1276 383 erit?
1296 355 1395 395 quo-

282 413 369 437 rum
395 408 500 439 tanta
525 402 649 439 studia
667 408 946 452 cognoscuntur
963 400 1003 438 in
1022 399 1179 438 decretis
1196 396 1393 444 faciendis,

279 454 468 493 militibus
487 455 635 503 dandis,
655 455 825 506 pecuniis
842 453 1077 506 pollicendis,
1096 460 1141 490 ut
1164 453 1206 490 in
1234 450 1394 502 singulis

280 508 434 559 oppidis
450 509 595 547 curiam
615 509 779 560 populus
799 509 999 546 Romanus
1018 519 1095 545 non
1114 504 1310 544 desideret.

335 562 540 600 Laudandi
566 571 669 611 sunt,
700 576 748 601 ex
773 562 890 611 hujus
917 561 1059 600 ordinis
1089 559 1288 607 sententia,
1308 558 1398 597 Fir-

279 616 399 663 mani,
421 616 488 668 qui
505 617 693 668 principes
711 616 881 667 pecuniae
898 614 1121 667 pollicendae
1133 614 1291 652 fuerunt
1302 626 1314 650 ε
1335 625 1396 650 re-

280 670 547 721 spondendum
558 670 762 708 honorifice
774 677 830 708 est
845 669 1092 717 Marrucinis,
1105 668 1174 720 qui
1186 665 1397 718 ignominia

279 724 464 762 notandos
477 733 703 764 censuerunt
714 737 775 763 eos
794 724 862 776 qui
879 723 1058 761 militiam
1069 720 1396 772 subterfugissent.

278 777 379 816 Haec
394 779 476 827 jam
495 778 574 816 tota
587 778 702 816 Italia
721 778 830 816 fiunt.
862 778 1011 828 Magna
1028 790 1106 828 pax
1119 774 1293 814 Antonio
1307 787 1398 813 cum

278 831 341 879 iis,
362 831 420 869 his
439 832 530 870 item
550 845 637 870 cum
656 833 735 870 illo.
765 832 866 880 Quae
884 838 1007 883 potest
1018 831 1140 880 major
1159 841 1239 868 esse
1257 828 1397 867 discor-

280 885 374 923 dia?
404 885 444 923 in
473 886 659 924 discordia
687 893 816 924 autem
839 899 916 937 pax
941 885 1061 923 civilis
1084 884 1166 922 ullo
1189 890 1300 935 pacto
1318 895 1398 920 esse

281 940 434 990 potest?
485 940 538 978 Ut
574 940 749 978 omittam
785 939 1099 984 multitudinem3
1147 937 1196 975 L.
1228 935 1394 984 Visidio,

282 993 402 1044 equiti
431 994 624 1042 Romano,
644 994 791 1032 homini
809 993 849 1031 in
874 993 1009 1045 primis
1034 998 1167 1030 ornato
1192 997 1307 1042 atque
1323 990 1397 1034 hoa

280 1054 401 1095 nesto,
423 1047 570 1098 civique
589 1061 738 1099 semper
756 1048 919 1098 egregio,
934 1048 1060 1096 (cujus
1080 1058 1150 1097 ego
1169 1043 1346 1082 excubias
1359 1050 1396 1081 et

278 1100 470 1139 custodias
487 1101 563 1138 mei
583 1102 716 1152 capitis
734 1101 892 1152 cognovi
916 1101 956 1137 in
976 1100 1174 1138 consulatu
1192 1104 1300 1144 meo)
1325 1097 1396 1148 qui

278 1154 420 1192 vicinos
439 1168 525 1192 suos
543 1167 619 1192 non
639 1155 854 1192 cohortatus
873 1162 928 1192 est
946 1154 1086 1201 solum,
1106 1160 1151 1190 ut
1169 1151 1309 1189 milites
1327 1151 1394 1189 fie÷

277 1215 376 1253 rent,
398 1208 463 1246 sed
482 1208 596 1245 etiam
615 1208 860 1246 facultatibus
874 1208 951 1245 suis
963 1206 1194 1251 sublevavit3
1214 1204 1319 1252 huic,
1334 1205 1394 1242 in-

274 1275 413 1312 quam,
434 1262 501 1300 tali
519 1263 612 1309 viro,
626 1275 742 1312 quem
761 1273 829 1299 nos
848 1259 1188 1299 senatus-consulto
1199 1258 1393 1296 collauda-

278 1315 414 1363 rimus,
435 1315 621 1366 poteritne
639 1328 718 1353 esse
736 1323 892 1366 pacatus
910 1313 1135 1353 Antonius?
1175 1311 1284 1360 Quid
1299 1314 1316 1350 ?
1346 1312 1391 1351 C.

279 1368 435 1416 Caesari,
457 1369 525 1420 qui
542 1369 655 1407 illum
674 1369 781 1408 Urbe
791 1371 809 1407 Ρ
828 1368 949 1421 quid?
963 1367 1016 1406 D.
1032 1368 1170 1417 Bruto,
1183 1366 1252 1418 qui
1265 1365 1395 1405 Gallia

279 1423 475 1474 prohibuit
490 1426 507 1462 Ρ

331 1477 361 1515 J
363 1490 427 1515 am
445 1490 533 1515 vero
550 1477 630 1529 ipse
649 1491 688 1516 se
706 1477 872 1529 placabit
891 1484 928 1516 et
945 1477 1061 1515 leniet
1078 1475 1282 1528 provinciae
1297 1474 1394 1513 Gal-

278 1530 355 1576 liae,
376 1544 398 1568 a
417 1529 493 1582 qua
519 1533 693 1570 exclusus
713 1540 750 1570 et
768 1532 988 1583 repudiatus
1008 1533 1093 1569 est?
1123 1529 1270 1569 Omnia
1288 1529 1393 1567 vide-

277 1584 382 1633 bitis,
402 1593 526 1636 patres
546 1586 760 1638 conscripti,
791 1586 865 1624 nisi
894 1584 1120 1637 prospicitis,
1150 1585 1267 1635 plena
1286 1583 1390 1621 odio-

277 1651 381 1684 rum,
401 1640 515 1690 plena
533 1639 830 1685 discordiarum3
861 1652 909 1677 ex
937 1639 1078 1690 quibus
1100 1638 1274 1676 oriuntur
1290 1637 1394 1675 bella

276 1692 413 1730 civilia.
443 1693 576 1731 Nolite
593 1693 710 1744 igitur
728 1694 767 1731 id
786 1693 896 1740 velle,
917 1692 1020 1743 quod
1039 1691 1122 1730 fieri
1139 1704 1215 1730 non
1240 1698 1389 1743 potest:

279 1753 318 1784 et
335 1753 474 1795 cavete,
497 1750 580 1798 (per
598 1747 703 1786 Deos
720 1747 954 1785 immortales
969 1746 999 1789 Ξ)
1026 1753 1150 1797 patres
1176 1744 1390 1796 conscripti,

274 1811 340 1847 ne,
356 1812 424 1851 spe
437 1801 630 1851 praesentis
648 1801 764 1852 pacis,
784 1808 1008 1852 perpetuam
1022 1812 1155 1850 pacem
1171 1799 1365 1837 amittatis.
1380 1810 1388 1826 ’ν

331 1853 529 1901 Quorsum
542 1855 623 1893 haec
641 1856 765 1893 omnis
785 1862 926 1906 spectat
939 1854 1058 1892 oratio
1072 1855 1089 1892 ἓ
1119 1853 1213 1904 quid
1224 1853 1327 1891 enim
1337 1852 1394 1890 le-

277 1907 356 1957 gati
371 1908 495 1958 egerin
501 1916 529 1953 t,
549 1909 722 1947 nondum
735 1909 886 1947 scimus.
915 1908 974 1945 At
986 1920 1072 1946 vero
1084 1907 1249 1954 excitati,
1263 1906 1389 1952 erecti,

277 1960 421 2012 [parati
456 1962 593 2000 animis
624 1964 773 2014 tamen]
813 1976 891 2001 esse
926 1961 1122 2007 debemus,
1166 1973 1215 1998 ne
1248 1959 1392 1998 blanda

273 2023 342 2052 aut
360 2016 524 2067 supplici
542 2016 722 2063 oratione,
750 2024 817 2055 aut
836 2015 1024 2068 aequitatis
1043 2014 1298 2060 simulatione,
1318 2013 1391 2050 fal-

273 2068 412 2107 lamur.
442 2070 589 2109 Omnia
605 2070 746 2119 fecerit,
766 2078 927 2122 oportet,
948 2082 1034 2121 quoe
1051 2068 1250 2106 interdicta
1268 2075 1306 2105 et
1323 2066 1391 2104 de-

273 2123 449 2162 nuntiata
468 2131 570 2172 sunt,
588 2125 813 2176 priusquam
826 2123 971 2176 aliquid
988 2123 1178 2174 postulet:
1201 2122 1386 2167 Brutum,

274 2177 558 2229 exercitumque
575 2179 657 2227 ejus
671 2190 905 2230 oppugnare,
925 2178 1037 2215 urbes
1052 2183 1089 2214 et
1103 2189 1211 2226 agros
1229 2174 1385 2226 provin-

271 2229 338 2268 ciae
358 2230 494 2270 Galliae
512 2232 700 2284 populari,
720 2231 924 2278 destiterim
953 2230 1003 2269 ad
1027 2230 1196 2268 Brutum
1215 2227 1389 2267 adeundi·
