<?xml version="1.0" encoding="UTF-8"?>
<!DOCTYPE html PUBLIC "-//W3C//DTD XHTML 1.0 Transitional//EN"
    "http://www.w3.org/TR/xhtml1/DTD/xhtml1-transitional.dtd">
<html xmlns="http://www.w3.org/1999/xhtml" xml:lang="en" lang="en">
 <head>
  <title>
</title>
<meta http-equiv="Content-Type" content="text/html;charset=utf-8" />
  <meta name='ocr-system' content='tesseract 3.04.00' />
  <meta name='ocr-capabilities' content='ocr_page ocr_carea ocr_par ocr_line ocrx_word'/>
</head>
<body>
  <div class='ocr_page' id='page_1' title='image "./operaern08ciceuoft_0112.png"; bbox 0 0 1509 2397; ppageno 0'>
   <div class='ocr_carea' id='block_1_1' title="bbox 266 141 1132 181">
    <p class='ocr_par' dir='ltr' id='par_1_1' title="bbox 266 141 1132 181">
     <span class='ocr_line' id='line_1_1' title="bbox 266 141 1132 181; baseline -0.001 -1"><span class='ocrx_word' id='word_1_1' title='bbox 266 143 319 180; x_wconf 79' lang='grc'>98</span> <span class='ocrx_word' id='word_1_2' title='bbox 511 142 625 181; x_wconf 85' lang='lat' dir='ltr'>PRO</span> <span class='ocrx_word' id='word_1_3' title='bbox 654 141 900 181; x_wconf 84' lang='lat' dir='ltr'>MILONE.</span> <span class='ocrx_word' id='word_1_4' title='bbox 932 142 1037 180; x_wconf 73' lang='lat' dir='ltr'>CAP.</span> <span class='ocrx_word' id='word_1_5' title='bbox 1073 143 1132 181; x_wconf 68' lang='lat'>121⁸.</span> 
     </span>
    </p>
   </div>
   <div class='ocr_carea' id='block_1_2' title="bbox 257 249 1382 676">
    <p class='ocr_par' dir='ltr' id='par_1_2' title="bbox 257 249 1381 566">
     <span class='ocr_line' id='line_1_2' title="bbox 259 249 1381 289; baseline 0.001 -2"><span class='ocrx_word' id='word_1_6' title='bbox 259 249 348 288; x_wconf 87' lang='lat' dir='ltr'>dem</span> <span class='ocrx_word' id='word_1_7' title='bbox 367 249 582 289; x_wconf 89' lang='lat' dir='ltr'>testimonio</span> <span class='ocrx_word' id='word_1_8' title='bbox 601 250 759 289; x_wconf 88' lang='lat' dir='ltr'>Clodius</span> <span class='ocrx_word' id='word_1_9' title='bbox 778 250 911 289; x_wconf 56' lang='lat' dir='ltr'>eadem</span> <span class='ocrx_word' id='word_1_10' title='bbox 931 249 1025 289; x_wconf 69' lang='lat' dir='ltr'>hora</span> <span class='ocrx_word' id='word_1_11' title='bbox 1043 250 1276 288; x_wconf 83' lang='lat' dir='ltr'>Interamnae</span> <span class='ocrx_word' id='word_1_12' title='bbox 1289 249 1381 288; x_wconf 73' lang='lat' dir='ltr'>fue-</span> 
     </span>
     <span class='ocr_line' id='line_1_3' title="bbox 257 304 1381 352; baseline 0.001 -11"><span class='ocrx_word' id='word_1_13' title='bbox 257 311 330 351; x_wconf 89' lang='lat' dir='ltr'>rat,</span> <span class='ocrx_word' id='word_1_14' title='bbox 351 312 388 342; x_wconf 92' lang='lat' dir='ltr'>et</span> <span class='ocrx_word' id='word_1_15' title='bbox 407 305 560 352; x_wconf 85' lang='lat' dir='ltr'>Romae)</span> <span class='ocrx_word' id='word_1_16' title='bbox 581 305 626 343; x_wconf 91' lang='lat' dir='ltr'>P.</span> <span class='ocrx_word' id='word_1_17' title='bbox 648 305 830 343; x_wconf 90' lang='lat' dir='ltr'>Clodium</span> <span class='ocrx_word' id='word_1_18' title='bbox 852 305 919 342; x_wconf 84' lang='lat' dir='ltr'>fflo</span> <span class='ocrx_word' id='word_1_19' title='bbox 944 305 1005 343; x_wconf 87' lang='lat' dir='ltr'>die</span> <span class='ocrx_word' id='word_1_20' title='bbox 1029 304 1071 342; x_wconf 89' lang='lat' dir='ltr'>in</span> <span class='ocrx_word' id='word_1_21' title='bbox 1089 304 1246 342; x_wconf 87' lang='lat' dir='ltr'>Albano</span> <span class='ocrx_word' id='word_1_22' title='bbox 1263 315 1381 342; x_wconf 64' lang='lat' dir='ltr'>man--</span> 
     </span>
     <span class='ocr_line' id='line_1_4' title="bbox 257 358 1376 410; baseline -0.001 -15"><span class='ocrx_word' id='word_1_23' title='bbox 257 371 392 396; x_wconf 85' lang='lat' dir='ltr'>surum</span> <span class='ocrx_word' id='word_1_24' title='bbox 411 358 553 404; x_wconf 80' lang='lat' dir='ltr'>fuisse3</span> <span class='ocrx_word' id='word_1_25' title='bbox 585 359 650 396; x_wconf 87' lang='lat' dir='ltr'>sed</span> <span class='ocrx_word' id='word_1_26' title='bbox 669 359 794 397; x_wconf 87' lang='lat' dir='ltr'>subito</span> <span class='ocrx_word' id='word_1_27' title='bbox 813 360 847 397; x_wconf 91' lang='lat' dir='ltr'>ei</span> <span class='ocrx_word' id='word_1_28' title='bbox 867 372 944 397; x_wconf 86' lang='lat' dir='ltr'>esse</span> <span class='ocrx_word' id='word_1_29' title='bbox 963 358 1198 406; x_wconf 79' lang='lat' dir='ltr'>nuntiatum,</span> <span class='ocrx_word' id='word_1_30' title='bbox 1227 358 1376 410; x_wconf 86' lang='lat' dir='ltr'>Cyrum</span> 
     </span>
     <span class='ocr_line' id='line_1_5' title="bbox 259 412 1376 464; baseline 0 -15"><span class='ocrx_word' id='word_1_31' title='bbox 259 412 506 451; x_wconf 86' lang='lat' dir='ltr'>architectum</span> <span class='ocrx_word' id='word_1_32' title='bbox 526 426 604 451; x_wconf 88' lang='lat' dir='ltr'>esse</span> <span class='ocrx_word' id='word_1_33' title='bbox 631 420 827 450; x_wconf 88' lang='lat' dir='ltr'>mortuum</span> <span class='ocrx_word' id='word_1_34' title='bbox 843 427 854 458; x_wconf 90' lang='lat'>;</span> <span class='ocrx_word' id='word_1_35' title='bbox 884 413 1014 464; x_wconf 83' lang='lat' dir='ltr'>itaque</span> <span class='ocrx_word' id='word_1_36' title='bbox 1033 413 1202 451; x_wconf 85' lang='lat' dir='ltr'>Romam</span> <span class='ocrx_word' id='word_1_37' title='bbox 1221 418 1376 463; x_wconf 84' lang='lat' dir='ltr'>repente</span> 
     </span>
     <span class='ocr_line' id='line_1_6' title="bbox 259 466 1375 518; baseline 0 -15"><span class='ocrx_word' id='word_1_38' title='bbox 259 466 497 505; x_wconf 80' lang='lat' dir='ltr'>constituisse</span> <span class='ocrx_word' id='word_1_39' title='bbox 533 466 729 518; x_wconf 89' lang='lat' dir='ltr'>proficisci.</span> <span class='ocrx_word' id='word_1_40' title='bbox 770 467 884 505; x_wconf 81' lang='lat' dir='ltr'><strong>Dixit</strong></span> <span class='ocrx_word' id='word_1_41' title='bbox 915 467 1001 515; x_wconf 91' lang='lat' dir='ltr'>hoc,</span> <span class='ocrx_word' id='word_1_42' title='bbox 1040 479 1164 505; x_wconf 90' lang='lat' dir='ltr'>comes</span> <span class='ocrx_word' id='word_1_43' title='bbox 1196 466 1290 505; x_wconf 89' lang='lat' dir='ltr'>item</span> <span class='ocrx_word' id='word_1_44' title='bbox 1327 466 1375 503; x_wconf 89' lang='lat' dir='ltr'>P.</span> 
     </span>
     <span class='ocr_line' id='line_1_7' title="bbox 261 520 660 566; baseline 0.003 -8"><span class='ocrx_word' id='word_1_45' title='bbox 261 520 402 566; x_wconf 77' lang='lat' dir='ltr'>Clodii,</span> <span class='ocrx_word' id='word_1_46' title='bbox 423 521 466 559; x_wconf 86' lang='lat' dir='ltr'>C.</span> <span class='ocrx_word' id='word_1_47' title='bbox 489 521 660 559; x_wconf 87' lang='lat' dir='ltr'><strong>Clodius.</strong></span> 
     </span>
    </p>

    <p class='ocr_par' dir='ltr' id='par_1_3' title="bbox 258 573 1382 676">
     <span class='ocr_line' id='line_1_8' title="bbox 310 573 1382 627; baseline 0 -15"><span class='ocrx_word' id='word_1_48' title='bbox 310 574 478 613; x_wconf 90' lang='lat' dir='ltr'>XVIII.</span> <span class='ocrx_word' id='word_1_49' title='bbox 508 575 662 622; x_wconf 89' lang='lat' dir='ltr'>Videte,</span> <span class='ocrx_word' id='word_1_50' title='bbox 679 575 840 625; x_wconf 81' lang='lat' dir='ltr'>judices,</span> <span class='ocrx_word' id='word_1_51' title='bbox 868 582 1022 627; x_wconf 86' lang='lat' dir='ltr'>quantae</span> <span class='ocrx_word' id='word_1_52' title='bbox 1039 588 1098 613; x_wconf 91' lang='lat' dir='ltr'>res</span> <span class='ocrx_word' id='word_1_53' title='bbox 1124 573 1184 612; x_wconf 85' lang='lat' dir='ltr'>his</span> <span class='ocrx_word' id='word_1_54' title='bbox 1202 573 1382 612; x_wconf 67' lang='lat' dir='ltr'>testimo-&#39;</span> 
     </span>
     <span class='ocr_line' id='line_1_9' title="bbox 258 627 1374 676; baseline -0.001 -10"><span class='ocrx_word' id='word_1_55' title='bbox 258 627 331 666; x_wconf 90' lang='lat' dir='ltr'>niis</span> <span class='ocrx_word' id='word_1_56' title='bbox 365 628 439 666; x_wconf 87' lang='lat' dir='ltr'>sint</span> <span class='ocrx_word' id='word_1_57' title='bbox 470 629 657 667; x_wconf 80' lang='lat' dir='ltr'>confectae.</span> <span class='ocrx_word' id='word_1_58' title='bbox 690 629 883 676; x_wconf 87' lang='lat' dir='ltr'>Primum,</span> <span class='ocrx_word' id='word_1_59' title='bbox 918 636 1016 668; x_wconf 88' lang='lat' dir='ltr'>certe</span> <span class='ocrx_word' id='word_1_60' title='bbox 1044 628 1228 666; x_wconf 86' lang='lat' dir='ltr'>liberatur</span> <span class='ocrx_word' id='word_1_61' title='bbox 1257 627 1374 674; x_wconf 81' lang='lat' dir='ltr'>Milo,</span> 
     </span>
    </p>
   </div>
   <div class='ocr_carea' id='block_1_3' title="bbox 190 681 1376 734">
    <p class='ocr_par' dir='ltr' id='par_1_4' title="bbox 190 681 1376 734">
     <span class='ocr_line' id='line_1_10' title="bbox 190 681 1376 734; baseline 0.001 -16"><span class='ocrx_word' id='word_1_62' title='bbox 190 705 193 707; x_wconf 59' lang='lat'>&gt;</span> <span class='ocrx_word' id='word_1_63' title='bbox 257 693 335 720; x_wconf 92' lang='lat' dir='ltr'>non</span> <span class='ocrx_word' id='word_1_64' title='bbox 355 695 398 720; x_wconf 87' lang='lat' dir='ltr'>eo</span> <span class='ocrx_word' id='word_1_65' title='bbox 416 683 572 721; x_wconf 90' lang='lat' dir='ltr'>consilio</span> <span class='ocrx_word' id='word_1_66' title='bbox 600 683 792 734; x_wconf 78' lang='lat' dir='ltr'>profectus</span> <span class='ocrx_word' id='word_1_67' title='bbox 811 696 905 731; x_wconf 83' lang='lat' dir='ltr'>esse,</span> <span class='ocrx_word' id='word_1_68' title='bbox 930 691 975 721; x_wconf 94' lang='lat' dir='ltr'>ut</span> <span class='ocrx_word' id='word_1_69' title='bbox 992 682 1235 720; x_wconf 80' lang='lat' dir='ltr'>insidiaretur</span> <span class='ocrx_word' id='word_1_70' title='bbox 1252 681 1293 719; x_wconf 88' lang='lat' dir='ltr'>in</span> <span class='ocrx_word' id='word_1_71' title='bbox 1312 681 1376 719; x_wconf 60' lang='lat' dir='ltr'>via</span> 
     </span>
    </p>
   </div>
   <div class='ocr_carea' id='block_1_4' title="bbox 253 735 1417 2300">
    <p class='ocr_par' dir='ltr' id='par_1_5' title="bbox 255 735 1378 1327">
     <span class='ocr_line' id='line_1_11' title="bbox 259 735 1375 788; baseline 0 -15"><span class='ocrx_word' id='word_1_72' title='bbox 259 735 420 781; x_wconf 78' lang='lat' dir='ltr'>Clodio3</span> <span class='ocrx_word' id='word_1_73' title='bbox 451 737 594 788; x_wconf 88' lang='lat' dir='ltr'>quippe</span> <span class='ocrx_word' id='word_1_74' title='bbox 614 737 682 788; x_wconf 91' lang='lat' dir='ltr'>qui</span> <span class='ocrx_word' id='word_1_75' title='bbox 707 737 741 775; x_wconf 91' lang='lat' dir='ltr'>ei</span> <span class='ocrx_word' id='word_1_76' title='bbox 765 738 900 775; x_wconf 83' lang='lat' dir='ltr'>obvius</span> <span class='ocrx_word' id='word_1_77' title='bbox 929 737 1082 775; x_wconf 81' lang='lat' dir='ltr'>futurus</span> <span class='ocrx_word' id='word_1_78' title='bbox 1111 736 1268 774; x_wconf 88' lang='lat' dir='ltr'>omnino</span> <span class='ocrx_word' id='word_1_79' title='bbox 1297 747 1375 773; x_wconf 91' lang='lat' dir='ltr'>non</span> 
     </span>
     <span class='ocr_line' id='line_1_12' title="bbox 257 790 1376 851; baseline 0 -24"><span class='ocrx_word' id='word_1_80' title='bbox 257 798 347 828; x_wconf 84' lang='lat' dir='ltr'>erat.</span> <span class='ocrx_word' id='word_1_81' title='bbox 379 790 529 829; x_wconf 86' lang='lat' dir='ltr'>Deinde</span> <span class='ocrx_word' id='word_1_82' title='bbox 549 796 642 834; x_wconf 87' lang='lat' dir='ltr'>(non</span> <span class='ocrx_word' id='word_1_83' title='bbox 668 791 771 829; x_wconf 89' lang='lat' dir='ltr'>enim</span> <span class='ocrx_word' id='word_1_84' title='bbox 790 791 913 838; x_wconf 89' lang='lat' dir='ltr'>video,</span> <span class='ocrx_word' id='word_1_85' title='bbox 941 803 1007 829; x_wconf 86' lang='lat' dir='ltr'>cur</span> <span class='ocrx_word' id='word_1_86' title='bbox 1031 803 1109 828; x_wconf 87' lang='lat' dir='ltr'>non</span> <span class='ocrx_word' id='word_1_87' title='bbox 1127 802 1261 828; x_wconf 90' lang='lat' dir='ltr'>meum</span> <span class='ocrx_word' id='word_1_88' title='bbox 1278 801 1376 851; x_wconf 74' lang='lat' dir='ltr'>quo-</span> 
     </span>
     <span class='ocr_line' id='line_1_13' title="bbox 259 843 1376 896; baseline -0.001 -14"><span class='ocrx_word' id='word_1_89' title='bbox 259 857 334 895; x_wconf 85' lang='lat' dir='ltr'>que</span> <span class='ocrx_word' id='word_1_90' title='bbox 363 858 475 895; x_wconf 86' lang='lat' dir='ltr'>agam</span> <span class='ocrx_word' id='word_1_91' title='bbox 495 845 708 895; x_wconf 84' lang='lat' dir='ltr'>negotium)</span> <span class='ocrx_word' id='word_1_92' title='bbox 739 846 854 893; x_wconf 85' lang='lat' dir='ltr'>scitis,</span> <span class='ocrx_word' id='word_1_93' title='bbox 878 844 1039 895; x_wconf 79' lang='lat' dir='ltr'>judices,</span> <span class='ocrx_word' id='word_1_94' title='bbox 1065 843 1195 892; x_wconf 90' lang='lat' dir='ltr'>fuisse,</span> <span class='ocrx_word' id='word_1_95' title='bbox 1222 843 1376 896; x_wconf 89' lang='lat' dir='ltr'>qui,m</span> 
     </span>
     <span class='ocr_line' id='line_1_14' title="bbox 256 897 1376 949; baseline 0 -14"><span class='ocrx_word' id='word_1_96' title='bbox 256 897 329 936; x_wconf 86' lang='lat' dir='ltr'>hac</span> <span class='ocrx_word' id='word_1_97' title='bbox 347 899 540 949; x_wconf 85' lang='lat' dir='ltr'>rogatione</span> <span class='ocrx_word' id='word_1_98' title='bbox 558 899 768 946; x_wconf 83' lang='lat' dir='ltr'>suadenda,</span> <span class='ocrx_word' id='word_1_99' title='bbox 789 899 968 947; x_wconf 80' lang='lat' dir='ltr'>dicerent,</span> <span class='ocrx_word' id='word_1_100' title='bbox 989 898 1151 936; x_wconf 79' lang='lat' dir='ltr'>Milonis</span> <span class='ocrx_word' id='word_1_101' title='bbox 1165 910 1286 936; x_wconf 86' lang='lat' dir='ltr'>manu</span> <span class='ocrx_word' id='word_1_102' title='bbox 1304 910 1376 935; x_wconf 66' lang='grc'>838--</span> 
     </span>
     <span class='ocr_line' id='line_1_15' title="bbox 257 951 1377 1002; baseline 0 -13"><span class='ocrx_word' id='word_1_103' title='bbox 257 951 346 989; x_wconf 90' lang='lat' dir='ltr'>dem</span> <span class='ocrx_word' id='word_1_104' title='bbox 366 966 444 990; x_wconf 90' lang='lat' dir='ltr'>esse</span> <span class='ocrx_word' id='word_1_105' title='bbox 462 953 617 1000; x_wconf 83' lang='lat' dir='ltr'>factam,</span> <span class='ocrx_word' id='word_1_106' title='bbox 643 953 797 991; x_wconf 83' lang='lat' dir='ltr'>consilio</span> <span class='ocrx_word' id='word_1_107' title='bbox 815 966 902 991; x_wconf 87' lang='lat' dir='ltr'>vero</span> <span class='ocrx_word' id='word_1_108' title='bbox 924 953 1080 1002; x_wconf 87' lang='lat' dir='ltr'>majoris</span> <span class='ocrx_word' id='word_1_109' title='bbox 1099 952 1274 1002; x_wconf 88' lang='lat' dir='ltr'>alicujus.</span> <span class='ocrx_word' id='word_1_110' title='bbox 1304 951 1377 989; x_wconf 91' lang='lat' dir='ltr'>Vi-</span> 
     </span>
     <span class='ocr_line' id='line_1_16' title="bbox 257 1005 1377 1056; baseline -0.001 -12"><span class='ocrx_word' id='word_1_111' title='bbox 257 1005 391 1044; x_wconf 87' lang='lat' dir='ltr'>delicet</span> <span class='ocrx_word' id='word_1_112' title='bbox 409 1020 472 1045; x_wconf 89' lang='lat' dir='ltr'>me</span> <span class='ocrx_word' id='word_1_113' title='bbox 499 1007 687 1045; x_wconf 87' lang='lat' dir='ltr'>latronem</span> <span class='ocrx_word' id='word_1_114' title='bbox 717 1020 759 1045; x_wconf 87' lang='lat' dir='ltr'>ac</span> <span class='ocrx_word' id='word_1_115' title='bbox 782 1007 959 1046; x_wconf 85' lang='lat' dir='ltr'>sicarium</span> <span class='ocrx_word' id='word_1_116' title='bbox 985 1006 1122 1056; x_wconf 88' lang='lat' dir='ltr'>abjecti</span> <span class='ocrx_word' id='word_1_117' title='bbox 1146 1006 1322 1044; x_wconf 89' lang='lat' dir='ltr'>homines</span> <span class='ocrx_word' id='word_1_118' title='bbox 1340 1012 1377 1044; x_wconf 91' lang='lat' dir='ltr'>et</span> 
     </span>
     <span class='ocr_line' id='line_1_17' title="bbox 257 1059 1378 1111; baseline -0.001 -13"><span class='ocrx_word' id='word_1_119' title='bbox 257 1060 396 1111; x_wconf 87' lang='lat' dir='ltr'>perditi</span> <span class='ocrx_word' id='word_1_120' title='bbox 414 1061 684 1099; x_wconf 82' lang='lat' dir='ltr'>describebant.</span> <span class='ocrx_word' id='word_1_121' title='bbox 715 1061 744 1098; x_wconf 88' lang='lat' dir='ltr'><strong>J</strong></span> <span class='ocrx_word' id='word_1_122' title='bbox 746 1069 854 1100; x_wconf 88' lang='lat' dir='ltr'>acent</span> <span class='ocrx_word' id='word_1_123' title='bbox 873 1061 950 1100; x_wconf 91' lang='lat' dir='ltr'>suis</span> <span class='ocrx_word' id='word_1_124' title='bbox 968 1060 1156 1099; x_wconf 87' lang='lat' dir='ltr'>testibus</span> <span class='ocrx_word' id='word_1_125' title='bbox 1146 1060 1187 1107; x_wconf 83' lang='grc'>11,</span> <span class='ocrx_word' id='word_1_126' title='bbox 1206 1060 1274 1111; x_wconf 92' lang='lat' dir='ltr'>qui</span> <span class='ocrx_word' id='word_1_127' title='bbox 1286 1059 1378 1098; x_wconf 76' lang='lat' dir='ltr'>Clo-</span> 
     </span>
     <span class='ocr_line' id='line_1_18' title="bbox 257 1113 1373 1166; baseline 0 -15"><span class='ocrx_word' id='word_1_128' title='bbox 257 1113 366 1151; x_wconf 89' lang='lat' dir='ltr'>dium</span> <span class='ocrx_word' id='word_1_129' title='bbox 386 1122 527 1165; x_wconf 85' lang='lat' dir='ltr'>negant</span> <span class='ocrx_word' id='word_1_130' title='bbox 545 1128 588 1153; x_wconf 91' lang='lat' dir='ltr'>eo</span> <span class='ocrx_word' id='word_1_131' title='bbox 618 1115 679 1153; x_wconf 89' lang='lat' dir='ltr'>die</span> <span class='ocrx_word' id='word_1_132' title='bbox 698 1115 882 1163; x_wconf 81' lang='lat' dir='ltr'>Romam,</span> <span class='ocrx_word' id='word_1_133' title='bbox 902 1115 977 1153; x_wconf 88' lang='lat' dir='ltr'>nisi</span> <span class='ocrx_word' id='word_1_134' title='bbox 1002 1115 1050 1152; x_wconf 91' lang='lat' dir='ltr'>de</span> <span class='ocrx_word' id='word_1_135' title='bbox 1069 1114 1171 1166; x_wconf 87' lang='lat' dir='ltr'>Cyro</span> <span class='ocrx_word' id='word_1_136' title='bbox 1190 1114 1373 1162; x_wconf 78' lang='lat' dir='ltr'>audisset,</span> 
     </span>
     <span class='ocr_line' id='line_1_19' title="bbox 255 1167 1376 1221; baseline 0 -16"><span class='ocrx_word' id='word_1_137' title='bbox 255 1167 372 1206; x_wconf 87' lang='lat' dir='ltr'>fuisse</span> <span class='ocrx_word' id='word_1_138' title='bbox 403 1168 628 1207; x_wconf 88' lang='lat' dir='ltr'>rediturum.</span> <span class='ocrx_word' id='word_1_139' title='bbox 658 1168 882 1221; x_wconf 88' lang='lat' dir='ltr'>Respiravi:</span> <span class='ocrx_word' id='word_1_140' title='bbox 923 1169 1105 1207; x_wconf 88' lang='lat' dir='ltr'>liberatus</span> <span class='ocrx_word' id='word_1_141' title='bbox 1142 1180 1253 1206; x_wconf 85' lang='lat' dir='ltr'>sum:</span> <span class='ocrx_word' id='word_1_142' title='bbox 1297 1179 1376 1205; x_wconf 91' lang='lat' dir='ltr'>non</span> 
     </span>
     <span class='ocr_line' id='line_1_20' title="bbox 256 1221 1377 1275; baseline 0 -16"><span class='ocrx_word' id='word_1_143' title='bbox 256 1234 400 1269; x_wconf 86' lang='lat' dir='ltr'>vereor,</span> <span class='ocrx_word' id='word_1_144' title='bbox 420 1235 482 1269; x_wconf 91' lang='lat' dir='ltr'>ne,</span> <span class='ocrx_word' id='word_1_145' title='bbox 515 1223 619 1274; x_wconf 86' lang='lat' dir='ltr'>quod</span> <span class='ocrx_word' id='word_1_146' title='bbox 645 1235 694 1261; x_wconf 91' lang='grc'>118</span> <span class='ocrx_word' id='word_1_147' title='bbox 713 1223 894 1275; x_wconf 86' lang='lat' dir='ltr'>suspicari</span> <span class='ocrx_word' id='word_1_148' title='bbox 913 1222 1071 1274; x_wconf 88' lang='lat' dir='ltr'>quidem</span> <span class='ocrx_word' id='word_1_149' title='bbox 1093 1221 1299 1274; x_wconf 86' lang='lat' dir='ltr'>potuerim,</span> <span class='ocrx_word' id='word_1_150' title='bbox 1320 1221 1377 1260; x_wconf 87' lang='lat' dir='ltr'>vi-</span> 
     </span>
     <span class='ocr_line' id='line_1_21' title="bbox 259 1275 619 1327; baseline 0.006 -14"><span class='ocrx_word' id='word_1_151' title='bbox 259 1275 349 1314; x_wconf 85' lang='lat' dir='ltr'>dear</span> <span class='ocrx_word' id='word_1_152' title='bbox 367 1276 406 1314; x_wconf 90' lang='lat' dir='ltr'>id</span> <span class='ocrx_word' id='word_1_153' title='bbox 427 1277 619 1327; x_wconf 53' lang='lat' dir='ltr'>cogitesse.</span> 
     </span>
    </p>

    <p class='ocr_par' dir='ltr' id='par_1_6' title="bbox 253 1329 1417 1977">
     <span class='ocr_line' id='line_1_22' title="bbox 313 1329 1377 1382; baseline 0.001 -15"><span class='ocrx_word' id='word_1_154' title='bbox 313 1330 431 1368; x_wconf 90' lang='lat' dir='ltr'>Nunc</span> <span class='ocrx_word' id='word_1_155' title='bbox 450 1344 654 1382; x_wconf 87' lang='lat' dir='ltr'>persequar</span> <span class='ocrx_word' id='word_1_156' title='bbox 676 1338 836 1370; x_wconf 86' lang='lat' dir='ltr'>caetera:</span> <span class='ocrx_word' id='word_1_157' title='bbox 867 1343 958 1369; x_wconf 86' lang='lat' dir='ltr'>nam</span> <span class='ocrx_word' id='word_1_158' title='bbox 983 1330 1146 1369; x_wconf 89' lang='lat' dir='ltr'>occurrit</span> <span class='ocrx_word' id='word_1_159' title='bbox 1172 1329 1296 1367; x_wconf 84' lang='lat' dir='ltr'>illud:</span> <span class='ocrx_word' id='word_1_160' title='bbox 1327 1341 1377 1368; x_wconf 92' lang='lat' dir='ltr'>ne</span> 
     </span>
     <span class='ocr_line' id='line_1_23' title="bbox 258 1383 1417 1436; baseline 0.002 -15"><span class='ocrx_word' id='word_1_161' title='bbox 258 1383 417 1422; x_wconf 88' lang='lat' dir='ltr'>Clodius</span> <span class='ocrx_word' id='word_1_162' title='bbox 448 1384 604 1435; x_wconf 89' lang='lat' dir='ltr'>quidem</span> <span class='ocrx_word' id='word_1_163' title='bbox 627 1385 674 1423; x_wconf 89' lang='lat' dir='ltr'>de</span> <span class='ocrx_word' id='word_1_164' title='bbox 696 1385 842 1423; x_wconf 88' lang='lat' dir='ltr'>insidiis</span> <span class='ocrx_word' id='word_1_165' title='bbox 866 1384 1056 1436; x_wconf 84' lang='lat' dir='ltr'>cogitavit,</span> <span class='ocrx_word' id='word_1_166' title='bbox 1088 1384 1270 1435; x_wconf 87' lang='lat' dir='ltr'>quoniam</span> <span class='ocrx_word' id='word_1_167' title='bbox 1301 1383 1377 1421; x_wconf 84' lang='lat' dir='ltr'>fuit</span> <span class='ocrx_word' id='word_1_168' title='bbox 1415 1420 1417 1423; x_wconf 80' lang='grc'>,</span> 
     </span>
     <span class='ocr_line' id='line_1_24' title="bbox 257 1437 1376 1491; baseline 0.001 -17"><span class='ocrx_word' id='word_1_169' title='bbox 257 1437 299 1474; x_wconf 87' lang='grc'>111</span> <span class='ocrx_word' id='word_1_170' title='bbox 317 1438 474 1476; x_wconf 82' lang='grc' dir='ltr'>Α1113110</span> <span class='ocrx_word' id='word_1_171' title='bbox 492 1451 709 1485; x_wconf 88' lang='lat' dir='ltr'>mansurus,</span> <span class='ocrx_word' id='word_1_172' title='bbox 731 1438 919 1491; x_wconf 88' lang='lat' dir='ltr'>siquidem</span> <span class='ocrx_word' id='word_1_173' title='bbox 939 1438 1109 1476; x_wconf 82' lang='lat' dir='ltr'>exiturus</span> <span class='ocrx_word' id='word_1_174' title='bbox 1127 1438 1176 1476; x_wconf 90' lang='lat' dir='ltr'>ad</span> <span class='ocrx_word' id='word_1_175' title='bbox 1195 1437 1337 1476; x_wconf 86' lang='lat' dir='ltr'>caedem</span> <span class='ocrx_word' id='word_1_176' title='bbox 1355 1450 1376 1475; x_wconf 92' lang='grc'>8</span> 
     </span>
     <span class='ocr_line' id='line_1_25' title="bbox 257 1491 1376 1544; baseline 0.001 -16"><span class='ocrx_word' id='word_1_177' title='bbox 257 1491 351 1529; x_wconf 57' lang='lat' dir='ltr'>villa</span> <span class='ocrx_word' id='word_1_178' title='bbox 369 1504 445 1530; x_wconf 91' lang='lat' dir='ltr'>non</span> <span class='ocrx_word' id='word_1_179' title='bbox 471 1492 614 1531; x_wconf 84' lang='lat' dir='ltr'>fuisset.</span> <span class='ocrx_word' id='word_1_180' title='bbox 644 1493 770 1531; x_wconf 91' lang='lat' dir='ltr'>Video</span> <span class='ocrx_word' id='word_1_181' title='bbox 789 1493 906 1539; x_wconf 89' lang='lat' dir='ltr'>enim,</span> <span class='ocrx_word' id='word_1_182' title='bbox 926 1493 1053 1536; x_wconf 81' lang='lat' dir='ltr'>illum,</span> <span class='ocrx_word' id='word_1_183' title='bbox 1085 1492 1153 1544; x_wconf 91' lang='lat' dir='ltr'>qui</span> <span class='ocrx_word' id='word_1_184' title='bbox 1172 1491 1310 1530; x_wconf 87' lang='lat' dir='ltr'>dicitur</span> <span class='ocrx_word' id='word_1_185' title='bbox 1328 1491 1376 1529; x_wconf 89' lang='lat' dir='ltr'>de</span> 
     </span>
     <span class='ocr_line' id='line_1_26' title="bbox 260 1545 1377 1596; baseline 0 -13"><span class='ocrx_word' id='word_1_186' title='bbox 260 1545 354 1596; x_wconf 87' lang='lat' dir='ltr'>Cyri</span> <span class='ocrx_word' id='word_1_187' title='bbox 383 1553 506 1584; x_wconf 88' lang='lat' dir='ltr'>morte</span> <span class='ocrx_word' id='word_1_188' title='bbox 530 1547 740 1595; x_wconf 58' lang='lat' dir='ltr'>nuntiasse,</span> <span class='ocrx_word' id='word_1_189' title='bbox 771 1559 848 1585; x_wconf 93' lang='lat' dir='ltr'>non</span> <span class='ocrx_word' id='word_1_190' title='bbox 874 1546 914 1584; x_wconf 93' lang='lat' dir='ltr'>id</span> <span class='ocrx_word' id='word_1_191' title='bbox 937 1545 1143 1593; x_wconf 68' lang='lat' dir='ltr'>nuntiasse,</span> <span class='ocrx_word' id='word_1_192' title='bbox 1170 1546 1237 1584; x_wconf 91' lang='lat' dir='ltr'>sed</span> <span class='ocrx_word' id='word_1_193' title='bbox 1256 1545 1377 1583; x_wconf 92' lang='lat' dir='ltr'>Milo-</span> 
     </span>
     <span class='ocr_line' id='line_1_27' title="bbox 256 1599 1380 1652; baseline 0.001 -16"><span class='ocrx_word' id='word_1_194' title='bbox 256 1611 347 1637; x_wconf 89' lang='lat' dir='ltr'>nem</span> <span class='ocrx_word' id='word_1_195' title='bbox 366 1600 698 1652; x_wconf 88' lang='lat' dir='ltr'>appropinquare:</span> <span class='ocrx_word' id='word_1_196' title='bbox 729 1613 818 1639; x_wconf 89' lang='lat' dir='ltr'>nam</span> <span class='ocrx_word' id='word_1_197' title='bbox 841 1600 935 1652; x_wconf 91' lang='lat' dir='ltr'>quid</span> <span class='ocrx_word' id='word_1_198' title='bbox 959 1601 1008 1638; x_wconf 89' lang='lat' dir='ltr'>de</span> <span class='ocrx_word' id='word_1_199' title='bbox 1037 1600 1140 1651; x_wconf 86' lang='lat' dir='ltr'>Cyro</span> <span class='ocrx_word' id='word_1_200' title='bbox 1165 1599 1380 1647; x_wconf 79' lang='lat' dir='ltr'>nuntiaret,&#39;</span> 
     </span>
     <span class='ocr_line' id='line_1_28' title="bbox 257 1653 1375 1706; baseline 0 -16"><span class='ocrx_word' id='word_1_201' title='bbox 257 1665 373 1704; x_wconf 89' lang='lat' dir='ltr'>quem</span> <span class='ocrx_word' id='word_1_202' title='bbox 393 1653 565 1701; x_wconf 79' lang='lat' dir='ltr'>Clodius,</span> <span class='ocrx_word' id='word_1_203' title='bbox 588 1654 715 1693; x_wconf 67' lang='lat' dir='ltr'>Roma</span> <span class='ocrx_word' id='word_1_204' title='bbox 728 1654 978 1706; x_wconf 91' lang='lat' dir='ltr'>proficiscens,</span> <span class='ocrx_word' id='word_1_205' title='bbox 993 1654 1196 1706; x_wconf 88' lang='lat' dir='ltr'>reliquerat</span> <span class='ocrx_word' id='word_1_206' title='bbox 1209 1653 1375 1700; x_wconf 52' lang='lat' dir='ltr'>morien-v</span> 
     </span>
     <span class='ocr_line' id='line_1_29' title="bbox 255 1707 1375 1759; baseline 0.001 -15"><span class='ocrx_word' id='word_1_207' title='bbox 255 1707 366 1744; x_wconf 86' lang='lat' dir='ltr'>tem?</span> <span class='ocrx_word' id='word_1_208' title='bbox 395 1707 487 1745; x_wconf 61' lang='lat' dir='ltr'>Una</span> <span class='ocrx_word' id='word_1_209' title='bbox 505 1708 586 1746; x_wconf 85' lang='lat' dir='ltr'>fui.</span> <span class='ocrx_word' id='word_1_210' title='bbox 577 1723 586 1732; x_wconf 92' lang='lat'><strong>·</strong></span> <span class='ocrx_word' id='word_1_211' title='bbox 617 1715 888 1747; x_wconf 82' lang='lat' dir='ltr'>testamentum</span> <span class='ocrx_word' id='word_1_212' title='bbox 917 1708 1033 1746; x_wconf 89' lang='lat' dir='ltr'>simul</span> <span class='ocrx_word' id='word_1_213' title='bbox 1061 1707 1259 1759; x_wconf 88' lang='lat' dir='ltr'>obsignavi</span> <span class='ocrx_word' id='word_1_214' title='bbox 1285 1719 1375 1745; x_wconf 92' lang='lat' dir='ltr'>cum</span> 
     </span>
     <span class='ocr_line' id='line_1_30' title="bbox 256 1760 1378 1814; baseline 0.001 -16"><span class='ocrx_word' id='word_1_215' title='bbox 256 1760 417 1799; x_wconf 87' lang='lat' dir='ltr'>Clodio:</span> <span class='ocrx_word' id='word_1_216' title='bbox 448 1769 717 1802; x_wconf 80' lang='lat' dir='ltr'>testamentum</span> <span class='ocrx_word' id='word_1_217' title='bbox 737 1771 865 1802; x_wconf 86' lang='lat' dir='ltr'>autem</span> <span class='ocrx_word' id='word_1_218' title='bbox 884 1763 1013 1814; x_wconf 86' lang='lat' dir='ltr'>palam</span> <span class='ocrx_word' id='word_1_219' title='bbox 1032 1762 1184 1809; x_wconf 86' lang='lat' dir='ltr'>fecerat,</span> <span class='ocrx_word' id='word_1_220' title='bbox 1206 1769 1243 1800; x_wconf 92' lang='lat' dir='ltr'>et</span> <span class='ocrx_word' id='word_1_221' title='bbox 1260 1761 1378 1799; x_wconf 90' lang='lat' dir='ltr'>illum</span> 
     </span>
     <span class='ocr_line' id='line_1_31' title="bbox 253 1814 1376 1869; baseline 0.001 -17"><span class='ocrx_word' id='word_1_222' title='bbox 253 1814 458 1863; x_wconf 81' lang='lat' dir='ltr'>haeredem,</span> <span class='ocrx_word' id='word_1_223' title='bbox 480 1824 516 1854; x_wconf 92' lang='lat' dir='ltr'>et</span> <span class='ocrx_word' id='word_1_224' title='bbox 535 1829 612 1864; x_wconf 84' lang='lat' dir='ltr'>me,</span> <span class='ocrx_word' id='word_1_225' title='bbox 633 1818 840 1869; x_wconf 86' lang='lat' dir='ltr'>scripserat.</span> <span class='ocrx_word' id='word_1_226' title='bbox 870 1817 1001 1865; x_wconf 87' lang='lat' dir='ltr'>Quem</span> <span class='ocrx_word' id='word_1_227' title='bbox 1014 1816 1136 1868; x_wconf 88' lang='lat' dir='ltr'>pridie</span> <span class='ocrx_word' id='word_1_228' title='bbox 1149 1815 1245 1854; x_wconf 83' lang='lat' dir='ltr'>hora</span> <span class='ocrx_word' id='word_1_229' title='bbox 1263 1815 1376 1853; x_wconf 82' lang='lat' dir='ltr'>tertia</span> 
     </span>
     <span class='ocr_line' id='line_1_32' title="bbox 254 1868 1375 1923; baseline 0.001 -17"><span class='ocrx_word' id='word_1_230' title='bbox 254 1868 425 1907; x_wconf 88' lang='lat' dir='ltr'>animam</span> <span class='ocrx_word' id='word_1_231' title='bbox 444 1870 636 1908; x_wconf 86' lang='lat' dir='ltr'>efflantem</span> <span class='ocrx_word' id='word_1_232' title='bbox 656 1871 882 1923; x_wconf 85' lang='lat' dir='ltr'>reliquisset,</span> <span class='ocrx_word' id='word_1_233' title='bbox 906 1884 995 1909; x_wconf 91' lang='lat' dir='ltr'>eum</span> <span class='ocrx_word' id='word_1_234' title='bbox 1018 1878 1217 1909; x_wconf 88' lang='lat' dir='ltr'>mortuum</span> <span class='ocrx_word' id='word_1_235' title='bbox 1235 1868 1375 1921; x_wconf 89' lang='lat' dir='ltr'>postri-</span> 
     </span>
     <span class='ocr_line' id='line_1_33' title="bbox 254 1922 1129 1977; baseline 0.003 -17"><span class='ocrx_word' id='word_1_236' title='bbox 254 1922 315 1960; x_wconf 87' lang='lat' dir='ltr'>die</span> <span class='ocrx_word' id='word_1_237' title='bbox 333 1923 429 1961; x_wconf 87' lang='lat' dir='ltr'>hora</span> <span class='ocrx_word' id='word_1_238' title='bbox 447 1924 595 1962; x_wconf 87' lang='lat' dir='ltr'>decima</span> <span class='ocrx_word' id='word_1_239' title='bbox 614 1924 777 1977; x_wconf 89' lang='lat' dir='ltr'>denique</span> <span class='ocrx_word' id='word_1_240' title='bbox 796 1926 831 1963; x_wconf 91' lang='lat' dir='ltr'>ei</span> <span class='ocrx_word' id='word_1_241' title='bbox 849 1925 1129 1963; x_wconf 82' lang='lat' dir='ltr'>nuntiabatur?</span> 
     </span>
    </p>

    <p class='ocr_par' dir='ltr' id='par_1_7' title="bbox 253 1976 1376 2300">
     <span class='ocr_line' id='line_1_34' title="bbox 310 1976 1372 2033; baseline 0 -18"><span class='ocrx_word' id='word_1_242' title='bbox 310 1976 430 2016; x_wconf 88' lang='lat' dir='ltr'>XIX.</span> <span class='ocrx_word' id='word_1_243' title='bbox 462 1978 565 2029; x_wconf 89' lang='lat' dir='ltr'>Age,</span> <span class='ocrx_word' id='word_1_244' title='bbox 586 1978 634 2016; x_wconf 90' lang='lat' dir='ltr'>sit</span> <span class='ocrx_word' id='word_1_245' title='bbox 662 1979 715 2016; x_wconf 89' lang='lat' dir='ltr'>ita</span> <span class='ocrx_word' id='word_1_246' title='bbox 739 1979 912 2033; x_wconf 84' lang='lat' dir='ltr'>factum·</span> <span class='ocrx_word' id='word_1_247' title='bbox 943 1992 1031 2030; x_wconf 89' lang='lat' dir='ltr'>quae</span> <span class='ocrx_word' id='word_1_248' title='bbox 1049 1992 1176 2025; x_wconf 83' lang='lat' dir='ltr'>causa,</span> <span class='ocrx_word' id='word_1_249' title='bbox 1197 1990 1265 2016; x_wconf 88' lang='lat' dir='ltr'>cur</span> <span class='ocrx_word' id='word_1_250' title='bbox 1289 1977 1372 2015; x_wconf 90' lang='lat' dir='ltr'>Ro-</span> 
     </span>
     <span class='ocr_line' id='line_1_35' title="bbox 253 2030 1376 2083; baseline 0 -15"><span class='ocrx_word' id='word_1_251' title='bbox 253 2042 360 2068; x_wconf 88' lang='lat' dir='ltr'>mam</span> <span class='ocrx_word' id='word_1_252' title='bbox 378 2035 626 2083; x_wconf 80' lang='lat' dir='ltr'>properaret?</span> <span class='ocrx_word' id='word_1_253' title='bbox 655 2046 722 2071; x_wconf 91' lang='grc'>8111·</span> <span class='ocrx_word' id='word_1_254' title='bbox 740 2033 780 2070; x_wconf 84' lang='grc'>111</span> <span class='ocrx_word' id='word_1_255' title='bbox 799 2041 949 2072; x_wconf 89' lang='lat' dir='ltr'>noctem</span> <span class='ocrx_word' id='word_1_256' title='bbox 968 2046 1007 2071; x_wconf 87' lang='lat' dir='ltr'>se</span> <span class='ocrx_word' id='word_1_257' title='bbox 1021 2031 1249 2082; x_wconf 81' lang='lat' dir='ltr'>conjiceret?</span> <span class='ocrx_word' id='word_1_258' title='bbox 1277 2030 1376 2082; x_wconf 82' lang='lat' dir='ltr'>quid</span> 
     </span>
     <span class='ocr_line' id='line_1_36' title="bbox 253 2084 1370 2138; baseline 0.001 -17"><span class='ocrx_word' id='word_1_259' title='bbox 253 2084 434 2123; x_wconf 84' lang='lat' dir='ltr'>afferebat</span> <span class='ocrx_word' id='word_1_260' title='bbox 455 2084 648 2138; x_wconf 86' lang='lat' dir='ltr'>[causam]</span> <span class='ocrx_word' id='word_1_261' title='bbox 675 2087 958 2126; x_wconf 83' lang='lat' dir='ltr'>festinationis?</span> <span class='ocrx_word' id='word_1_262' title='bbox 988 2086 1092 2138; x_wconf 91' lang='lat' dir='ltr'>quod</span> <span class='ocrx_word' id='word_1_263' title='bbox 1120 2086 1240 2124; x_wconf 66' lang='lat' dir='ltr'>haerae</span> <span class='ocrx_word' id='word_1_264' title='bbox 1259 2086 1370 2124; x_wconf 83' lang='lat' dir='ltr'>erat?</span> 
     </span>
     <span class='ocr_line' id='line_1_37' title="bbox 255 2138 1370 2193; baseline 0.001 -18"><span class='ocrx_word' id='word_1_265' title='bbox 255 2138 447 2187; x_wconf 85' lang='lat' dir='ltr'>Primum,</span> <span class='ocrx_word' id='word_1_266' title='bbox 464 2148 544 2178; x_wconf 88' lang='lat' dir='ltr'>erat</span> <span class='ocrx_word' id='word_1_267' title='bbox 555 2140 665 2189; x_wconf 87' lang='lat' dir='ltr'>nihil,</span> <span class='ocrx_word' id='word_1_268' title='bbox 682 2153 749 2179; x_wconf 87' lang='lat' dir='ltr'>cur</span> <span class='ocrx_word' id='word_1_269' title='bbox 759 2148 959 2193; x_wconf 87' lang='lat' dir='ltr'>properato</span> <span class='ocrx_word' id='word_1_270' title='bbox 972 2153 1068 2192; x_wconf 91' lang='lat' dir='ltr'>opus</span> <span class='ocrx_word' id='word_1_271' title='bbox 1078 2147 1197 2178; x_wconf 85' lang='lat' dir='ltr'>esset·</span> <span class='ocrx_word' id='word_1_272' title='bbox 1219 2138 1370 2187; x_wconf 89' lang='lat' dir='ltr'>deinde,</span> 
     </span>
     <span class='ocr_line' id='line_1_38' title="bbox 253 2191 1373 2246; baseline 0.001 -17"><span class='ocrx_word' id='word_1_273' title='bbox 253 2191 285 2229; x_wconf 90' lang='lat' dir='ltr'>si</span> <span class='ocrx_word' id='word_1_274' title='bbox 303 2192 398 2244; x_wconf 90' lang='lat' dir='ltr'>quid</span> <span class='ocrx_word' id='word_1_275' title='bbox 417 2201 526 2243; x_wconf 87' lang='lat' dir='ltr'>esset,</span> <span class='ocrx_word' id='word_1_276' title='bbox 546 2195 642 2246; x_wconf 88' lang='lat' dir='ltr'>quid</span> <span class='ocrx_word' id='word_1_277' title='bbox 669 2195 824 2233; x_wconf 88' lang='lat' dir='ltr'>tandem</span> <span class='ocrx_word' id='word_1_278' title='bbox 843 2203 937 2243; x_wconf 83' lang='lat' dir='ltr'>erat,</span> <span class='ocrx_word' id='word_1_279' title='bbox 964 2195 1069 2246; x_wconf 89' lang='lat' dir='ltr'>quod</span> <span class='ocrx_word' id='word_1_280' title='bbox 1088 2207 1132 2232; x_wconf 83' lang='grc'>83</span> <span class='ocrx_word' id='word_1_281' title='bbox 1156 2200 1266 2232; x_wconf 88' lang='lat' dir='ltr'>nocte</span> <span class='ocrx_word' id='word_1_282' title='bbox 1283 2204 1373 2231; x_wconf 88' lang='lat' dir='ltr'>con-</span> 
     </span>
     <span class='ocr_line' id='line_1_39' title="bbox 256 2246 1374 2300; baseline 0.002 -17"><span class='ocrx_word' id='word_1_283' title='bbox 256 2247 364 2297; x_wconf 86' lang='lat' dir='ltr'>sequi</span> <span class='ocrx_word' id='word_1_284' title='bbox 381 2255 523 2298; x_wconf 86' lang='lat' dir='ltr'>posset,</span> <span class='ocrx_word' id='word_1_285' title='bbox 542 2248 731 2289; x_wconf 64' lang='lat' dir='ltr'>amitteret</span> <span class='ocrx_word' id='word_1_286' title='bbox 748 2257 892 2297; x_wconf 88' lang='lat' dir='ltr'>autem,</span> <span class='ocrx_word' id='word_1_287' title='bbox 913 2249 944 2288; x_wconf 91' lang='lat' dir='ltr'>si</span> <span class='ocrx_word' id='word_1_288' title='bbox 961 2248 1142 2300; x_wconf 86' lang='lat' dir='ltr'>postridie</span> <span class='ocrx_word' id='word_1_289' title='bbox 1158 2260 1273 2286; x_wconf 86' lang='lat' dir='ltr'>mane</span> <span class='ocrx_word' id='word_1_290' title='bbox 1291 2246 1374 2286; x_wconf 85' lang='lat' dir='ltr'>Ro-</span> 
     </span>
    </p>
   </div>
  </div>
 </body>
</html>
