1509 2397
234 58 308 97 116
473 57 587 97 PRO
616 56 866 97 MILONE.
895 58 1002 97 CAP.
1031 58 1098 96 35.

224 177 324 213 eam,
355 177 433 217 quo
462 165 579 204 tutior
607 173 703 204 esset
731 166 810 204 vita
839 172 981 213 nostra,
1008 177 1119 203 suam
1140 176 1181 203 se
1209 164 1352 203 fecisset

224 227 520 264 commemorat3
551 227 594 258 ut
629 232 706 257 non
742 219 859 258 modo
887 219 1028 258 virtute
1063 218 1242 265 flecteret,
1275 218 1340 257 sed

224 273 340 311 etiam
362 273 484 311 tribus
515 273 593 312 suis
618 273 856 325 patrimoniis
881 273 1087 311 deleniret:
1117 284 1187 311 nec
1215 272 1339 319 timet,

224 339 287 374 ne,
321 340 410 365 cum
429 328 582 378 plebem
610 327 834 365 muneribus
862 326 1035 378 placarit,
1061 339 1128 364 vos
1155 337 1233 364 non
1251 338 1340 364 con-

225 380 362 419 ciliarit
378 381 524 419 meritis
553 381 594 419 in
615 381 894 432 rempublicam
925 380 1193 431 singularibus.
1223 380 1342 418 Sena-

224 437 285 472 tus
305 447 394 485 erga
413 447 452 472 se
470 435 774 473 benevolentiam
799 434 1035 485 temporibus
1053 433 1113 472 his
1130 433 1223 485 ipsis
1241 446 1342 484 saepe

224 501 303 526 esse
321 497 583 539 perspectam;
614 496 754 527 vestras
768 501 855 526 vero
875 496 912 526 et
931 495 1143 526 vestrorum
1161 487 1341 526 ordinum

223 543 511 590 occursationes,
543 542 682 590 studia,
709 555 913 589 sermones,
947 554 1231 592 quemcumque
1255 554 1342 579 cur-

226 609 314 634 sum
333 596 486 634 fortuna
505 596 663 644 dederit,
685 609 812 634 secum
826 608 865 634 se
883 595 1105 634 ablaturum
1123 608 1216 642 esse,
1236 594 1340 632 dicit.

279 649 465 688 Meminit
494 650 623 698 etiam,
656 650 728 688 sibi
758 663 889 688 vocem
918 649 1102 700 praeconis
1130 649 1245 687 modo
1275 648 1342 686 de-

223 703 355 749 fuisse,
376 717 495 755 quam
513 703 673 742 minime
691 702 933 748 desideraritg
963 703 1098 754 populi
1117 715 1205 741 vero
1224 714 1340 740 cunc-

225 757 274 796 tis
292 757 496 808 suffragiis,
517 758 639 809 (quod
657 770 782 796 unum
801 757 980 808 cupierit)
1001 770 1040 795 se
1060 757 1256 795 consulem
1274 755 1341 794 de-

225 811 438 855 claratum;
469 823 572 850 nunc
590 811 769 863 denique,
790 811 822 849 si
838 811 921 850 haec
939 824 1046 849 arma
1060 818 1191 850 contra
1208 823 1248 848 se
1265 809 1342 847 sint

225 865 371 913 futura,
391 865 462 902 sibi
490 864 665 903 facinoris
688 865 956 916 suspicionem,
975 877 1054 903 non
1071 864 1163 903 facti
1183 863 1341 910 crimen,

226 921 388 957 obstare.
422 918 548 956 Addit
575 919 671 967 haec,
692 933 779 970 quae
808 927 906 958 certe
925 931 1014 957 vera
1038 925 1142 966 sunt,
1162 917 1277 956 fortes
1306 923 1345 956 et

227 973 414 1024 sapientes
446 972 544 1011 viros
573 985 651 1010 non
680 980 762 1010 tam
788 972 946 1024 praemia
971 972 1079 1025 sequi
1100 972 1220 1010 solere
1245 978 1345 1010 recte

226 1027 430 1072 factorum,
451 1039 570 1077 quam
598 1026 682 1077 ipsa
699 1035 799 1065 recte
827 1026 955 1065 facta:
986 1040 1025 1065 se
1051 1026 1149 1064 nihil
1178 1026 1219 1063 in
1248 1025 1343 1073 vita,

227 1081 301 1118 nisi
312 1080 609 1132 praeclariSSIme,
631 1080 760 1119 fecisse
775 1094 787 1126 3
809 1080 999 1132 siquidem
1010 1080 1108 1118 nihil
1120 1079 1169 1118 sit
1185 1086 1343 1130 praesta-

226 1135 344 1173 bilius
362 1134 457 1182 viro,
478 1147 597 1185 quam
615 1134 793 1185 periculis
817 1134 982 1185 patriam
1000 1135 1160 1173 liberare
1177 1147 1187 1171 :
1216 1135 1347 1172 beatos

229 1201 322 1235 esse,
343 1188 482 1239 quibus
502 1201 545 1226 ea
562 1201 622 1226 res
640 1188 775 1226 honori
800 1187 916 1226 fuerit
935 1202 958 1226 a
982 1188 1060 1227 suis
1077 1187 1246 1233 civibus3
1277 1199 1349 1226 nec

229 1249 360 1280 tamen
380 1254 441 1279 eos
459 1241 630 1289 miseros,
652 1242 720 1293 qui
738 1241 920 1280 beneficio
936 1242 1034 1280 cives
1054 1254 1143 1279 suos
1163 1240 1320 1279 vicerint
1334 1255 1346 1278 z

232 1295 299 1334 sed
317 1303 461 1341 tamen,
481 1308 529 1333 ex
547 1295 727 1334 omnibus
745 1295 914 1347 praemiis
932 1295 1097 1343 virtutis,
1113 1295 1145 1333 si
1163 1303 1261 1334 esset
1278 1294 1348 1333 ha·

230 1349 358 1388 benda
386 1349 482 1387 ratio
518 1349 780 1400 praemiorum,
819 1349 1101 1401 amplissimum
1137 1362 1216 1387 esse
1251 1362 1350 1400 prae-

232 1404 358 1441 mium
390 1403 576 1454 gloriam:
607 1416 686 1441 &sse
713 1403 813 1442 hanc
844 1416 978 1452 unam,
1010 1417 1097 1455 quae
1125 1403 1351 1441 brevitatem

232 1457 322 1495 vitae
339 1457 567 1508 posteritatis
595 1458 783 1496 memoria
808 1458 1090 1496 consolaretur:
1121 1471 1208 1508 quae
1230 1457 1352 1495 effice-

233 1518 304 1557 ret,
325 1519 370 1548 ut
388 1513 562 1549 absentes
576 1511 806 1559 adessemus,
825 1511 970 1549 mortui
987 1511 1226 1556 viveremus3
1255 1511 1356 1549 hanc

232 1564 398 1615 denique
410 1577 502 1611 esse,
523 1566 631 1614 cujus
646 1565 826 1616 gradibus
841 1565 955 1603 etiam
970 1565 1145 1603 homines
1158 1565 1199 1603 in
1214 1565 1353 1603 coelum

232 1618 452 1657 viderentur
466 1617 702 1656 adscendere.
734 1621 762 1641 ‘⁶
776 1619 839 1657 De
856 1619 963 1666 me,''
993 1619 1134 1670 inquit,
1161 1621 1189 1641 “·
1203 1631 1354 1669 semper

232 1672 399 1723 populus
418 1672 634 1718 Romanus,
651 1685 800 1724 semper
819 1685 951 1711 omnes
970 1681 1100 1723 gentes
1117 1673 1349 1724 loquentur;

232 1725 342 1763 nulla
360 1737 534 1776 unquam
559 1727 793 1765 obmutescet
813 1734 989 1764 vetustas.
1019 1726 1128 1774 Quin
1157 1728 1230 1765 hoc
1255 1734 1353 1765 tem-

232 1792 325 1830 pore
343 1779 439 1830 ipso,
460 1791 548 1817 cum
569 1792 700 1817 omnes
719 1793 742 1818 a
763 1780 859 1818 meis
877 1780 1042 1818 inimicis
1060 1780 1160 1818 faces
1177 1794 1275 1819 meae
1292 1779 1353 1818 in-

234 1832 346 1870 vidiae
365 1831 644 1882 subjiciuntur3
676 1840 805 1872 tamen
824 1834 931 1872 omni
952 1834 994 1871 in
1015 1835 1219 1872 hominum
1237 1841 1351 1881 coetu,

233 1887 364 1937 gratiis
383 1886 553 1937 agendis,
574 1894 611 1924 et
629 1887 948 1937 gratulationibus
969 1888 1169 1935 habendis,
1191 1895 1228 1926 et
1246 1887 1353 1926 omni

235 1952 423 1988 sermone,
467 1940 714 1986 celebramur.
758 1941 910 1980 Omitto
945 1942 1113 1980 Etruriae
1150 1942 1278 1990 festos,
1316 1951 1355 1979 et

235 2002 337 2032 actos
367 2001 404 2032 et
432 1993 639 2042 institutos,
669 1994 772 2032 dies.
804 1995 1009 2034 centesima
1029 1996 1100 2034 lux
1128 2003 1184 2034 est
1205 1995 1286 2034 haec
1304 1996 1354 2034 ab

234 2047 392 2086 interitu
412 2047 458 2085 P.
480 2047 631 2094 Clodii;
662 2055 704 2088 et
725 2049 892 2100 (opinor)
911 2050 1014 2087 ultra
1027 2062 1147 2101 quam
1164 2050 1288 2088 finoe'
1277 2062 1352 2087 im-

235 2100 330 2152 perii
349 2100 482 2153 populi
511 2101 682 2140 Romani
707 2111 810 2150 sunt,
835 2116 879 2141 ea
903 2115 980 2142 non
999 2104 1125 2142 solum
1149 2103 1282 2141 fama
1268 2116 1351 2153 Jam

235 2154 282 2194 de
307 2155 389 2204 illo,
416 2155 479 2195 sed
503 2155 619 2195 etiam
641 2156 787 2207 laetitia,
813 2157 1039 2209 peragravit.
1069 2158 1350 2205 Quamobrem,
