1509 2397
412 79 764 122 PHILIPPICA
790 81 917 122 ‘XIV-
952 82 1059 122 CAP.
1081 84 1119 123 9.
1256 82 1337 123 399

253 188 378 228 VIII.
408 190 500 239 Sed,
520 192 627 244 quod
646 200 732 231 tum
744 205 823 233 non
834 193 958 243 licuit,
974 200 1102 246 patres
1116 191 1333 245 conscripti,

195 242 238 281 id
268 243 341 283 hoc
369 252 546 298 tempore
574 259 652 286 non
682 247 810 287 solum
835 248 938 297 licet,
959 261 1095 287 verum
1122 247 1238 287 etiarn
1262 259 1331 286 ne-

195 311 298 337 cesse
316 306 388 348 ost,
408 312 487 350 eos,
507 301 577 354 qui
595 314 637 341 re
655 310 745 341 sunt
771 303 913 352 hostes,
933 303 1060 342 verbis
1086 302 1226 351 notari,
1246 315 1333 341 sen-

195 353 326 393 tentiis
353 355 493 395 nostris
516 356 646 396 hostes
669 357 847 408 judicari.
887 358 1035 405 Antea,
1062 370 1153 397 cum
1182 357 1334 396 hostem

194 415 265 446 aut
283 409 433 449 bellum
451 411 729 461 nominassem,
749 413 868 452 semel
890 421 928 452 et
943 413 1084 465 saepius
1103 412 1332 452 sententiam

192 474 323 502 meam
342 464 391 503 de
404 474 568 506 numero
586 468 863 507 sententiarum
879 468 1141 507 sustulerunt:
1173 466 1279 519 quod
1292 467 1334 505 in

193 516 268 557 hac
286 519 403 559 causa
426 521 511 571 jam
534 522 618 561 fieri
641 534 720 562 non
745 530 883 576 potest.
920 523 987 562 Ex
1012 521 1134 561 literis
1159 521 1262 560 enim
1285 521 1331 561 C.

195 571 352 623 Pansae,
372 576 423 613 A.
435 575 573 627 Hirtii,
593 578 813 627 consulum,
830 578 876 617 C.
897 577 1060 618 Caesaris
1078 576 1336 629 propraetoris,

190 625 242 666 de
259 628 407 670 honore
425 629 513 670 Diis
532 631 819 672 immortalibus
829 632 1007 672 habendo
1021 631 1230 671 sententias
1247 630 1336 670 dix-

193 682 311 723 imus.
341 685 675 738 Supplicationem
697 688 814 728 modo
840 688 910 741 qui
929 686 1109 735 decrevit,
1135 686 1240 725 idem
1258 685 1334 724 im·

192 738 366 789 prudens
395 740 524 781 hostes
549 742 762 793 judicavit:
798 755 1004 796 nunquam
1033 741 1139 781 enim
1160 741 1201 780 in
1227 739 1333 780 civili

192 793 297 833 bello
316 795 546 848 supplioetio
563 797 715 837 decreta
729 807 797 838 est.
827 798 1036 838 Decretam
1054 795 1169 836 dico?
1197 808 1247 836 ne
1258 795 1336 835 vic-

192 847 286 887 toris
304 850 465 902 quidem
483 851 604 892 literis
622 853 816 905 postulata
835 860 905 893 oet.
1245 870 1248 873 ’

249 902 375 944 Civile
403 906 555 946 bellum
581 907 717 947 consul
744 909 856 948 Sulla
883 907 1023 960 gessit:
1054 906 1273 960 legionibus
1293 905 1333 944 in

194 956 346 997 Urbem
371 959 563 1010 adductis,
583 974 680 1014 quos
700 963 839 1012 voluit,
860 962 1036 1015 expulit:
1068 975 1167 1015 quos
1192 960 1334 1013 potuit,

190 1012 355 1052 occidit:
385 1015 676 1067 supplicationis
704 1018 851 1057 mentio
869 1017 990 1056 nulla.
1032 1017 1161 1055 Grave
1187 1015 1335 1055 bellum

191 1065 455 1108 Octavianum
474 1069 691 1110 insecutum
712 1080 793 1111 eet:
825 1071 1056 1124 supplicatio
1072 1070 1212 1112 Cinnae
1226 1070 1337 1108 nulla

189 1121 357 1162 victoris.
387 1123 527 1164 Cinnae
545 1125 743 1165 victoriam
763 1126 973 1179 imperator
992 1127 1098 1166 ultus
1118 1134 1174 1165 est
1194 1125 1304 1164 Sulla
1322 1139 1333 1162 ε

191 1176 304 1216 nulla
322 1179 552 1231 supplicatio
570 1180 722 1220 decreta
740 1194 763 1219 a
781 1189 931 1220 senatu.
971 1180 1040 1219 Ad
1061 1189 1099 1220 te
1116 1182 1262 1233 ipsum,
1284 1180 1332 1218 Ρ.

192 1231 345 1281 Servili,
366 1245 465 1273 num
483 1234 590 1274 misit
608 1236 708 1274 ullas
722 1236 871 1288 collega
888 1236 1018 1275 literas
1031 1236 1079 1274 de
1093 1235 1160 1275 illa
1174 1235 1333 1274 calami-

191 1286 277 1326 tosa
294 1288 431 1340 pugna
451 1289 663 1329 Pharsaliae
679 1293 696 1330 ?
726 1302 824 1329 num
844 1299 881 1330 te
899 1290 948 1330 de
966 1290 1248 1343 supplicatione
1267 1302 1333 1328 vo-

192 1340 268 1380 luit
297 1342 468 1383 referre?
511 1344 690 1385 Profecto
719 1345 857 1384 noluit.
900 1346 960 1384 At
992 1345 1099 1385 misit
1127 1352 1259 1399 postea
1287 1344 1336 1383 de

191 1396 453 1448 Alexandria,
466 1397 515 1438 dc
535 1399 747 1439 Pharnace.
778 1400 1011 1440 Pharsalicae
1026 1413 1115 1440 vero
1128 1412 1272 1454 pugnae
1287 1411 1336 1438 ne

191 1451 441 1504 triumphum
460 1454 620 1506 quidem
639 1456 730 1508 egit.
760 1455 842 1495 Eos
862 1455 967 1495 enim
987 1455 1088 1495 cives
1108 1467 1241 1508 pugna
1265 1453 1334 1493 illa
1356 1469 1366 1501 z,

193 1507 417 1560 sustulerat,
437 1509 580 1561 quibus
599 1522 678 1549 non
697 1509 815 1550 modo
829 1511 940 1559 vivis,
961 1510 1028 1550 sed
1046 1510 1165 1549 etiam
1184 1509 1337 1549 victori-
1364 1506 1368 1513 '

192 1560 281 1610 bus,
303 1569 341 1601 et
359 1563 566 1604 incolumis
580 1571 618 1604 et
635 1565 775 1605 florens
794 1565 927 1605 civitas
947 1578 1026 1605 oese
1044 1572 1185 1618 posset.
1214 1563 1335 1613 Quod

190 1614 296 1655 idem
323 1618 535 1670 contigerat
565 1620 827 1673 superioribus
855 1620 968 1660 bellis
994 1620 1184 1660 civilibus.
1225 1620 1334 1658 Nam

188 1670 289 1709 mihi
308 1674 458 1712 consuli
477 1675 721 1727 supplicatio,
742 1675 861 1714 nullis
878 1674 997 1714 armis
1015 1675 1169 1725 sumtis,
1188 1686 1266 1713 non
1280 1675 1331 1713 ob

188 1726 335 1765 caedem
354 1728 541 1778 hostium,
562 1730 628 1769 sed
646 1732 696 1770 ob
715 1730 1042 1770 conservationem
1057 1730 1217 1778 civium,
1233 1741 1334 1768 novo

190 1787 229 1819 et
243 1781 421 1822 inaudito
433 1797 587 1836 genere,
600 1785 751 1825 decreta
763 1793 831 1825 est.
861 1785 1146 1834 Quamobrem,
1160 1791 1229 1823 aut
1243 1797 1338 1836 sup—

189 1836 361 1888 plicatio,
381 1840 432 1878 ob
455 1852 537 1878 rem
563 1840 762 1893 publicam
781 1840 1041 1893 pulcherrime
1062 1847 1226 1892 gestam,
1246 1851 1337 1892 pos-

191 1891 412 1933 tulantibus
437 1895 571 1934 vestris
602 1895 900 1948 imperatoribus
924 1895 1081 1947 publice
1109 1893 1338 1947 deneganda

189 1953 247 1985 est
266 1948 404 2000 (quod,
430 1957 569 2002 praeter
595 1950 826 1998 Gabinium,
853 1950 1015 2002 contigit
1041 1950 1222 1998 nemini),
1248 1957 1332 1998 aut,

192 2002 477 2055 supplicatione
495 2004 752 2054 decernenda,
775 2004 904 2044 hostes
932 2017 1010 2055 eos,
1031 2004 1080 2044 de
1103 2005 1248 2058 quibus
1267 2003 1335 2043 de-

196 2057 366 2107 cernitis,
385 2058 581 2109 judicefis,
602 2072 755 2099 necesse
774 2068 843 2099 est.

247 2111 327 2151 IX.
357 2113 477 2161 Quod
500 2126 592 2167 ergo
616 2115 683 2154 ille
701 2128 755 2163 re,
776 2115 817 2154 id
843 2128 915 2168 ego
934 2115 1052 2154 etiam
1073 2115 1190 2154 verbo
1207 2128 1219 2153 ε
1240 2126 1334 2154 cum

190 2165 441 2219 imperatores
460 2181 524 2208 eos
552 2169 720 2222 appello,
750 2170 823 2209 hoc
841 2170 925 2222 ipso
944 2170 1116 2217 nomine,
1133 2176 1172 2208 et
1190 2182 1252 2208 eos
1265 2169 1336 2223 qui

185 2221 271 2270 jam
289 2221 428 2262 devicti
447 2231 553 2272 sunt,
574 2232 612 2264 et
630 2237 694 2264 eos
712 2225 781 2278 qui
800 2232 1022 2277 supersunt,
1043 2225 1171 2265 hostes
1187 2223 1333 2276 judico,
