1555 2433
329 106 377 144 ιο
599 80 715 145 PRO
743 106 953 146 BALBO.
983 105 1087 146 err.
1117 109 1156 146 9.

375 210 413 251 O
440 213 666 263 praeclarum
692 212 935 264 interpretem
963 213 1084 263 juris!
1115 219 1307 252 auctorem
1329 214 1430 252 anti-

320 265 500 317 quitatis!
531 274 776 305 correctorem
794 274 909 318 atque
926 266 1208 306 emendatorem
1225 267 1433 307 nostraeci-

319 319 446 357 vitatis
462 320 471 357 !
511 320 578 371 qui
609 320 707 358 hanc
735 333 887 371 poenam
916 320 1119 359 foederibus
1150 321 1352 369 adscribat,
1386 327 1434 359 ut

321 373 495 411 omnium
512 373 758 424 praemiorum
776 373 1122 426 beneficiorumque
1138 382 1354 413 nostrorum
1367 387 1434 414 ex-

320 434 444 478 pertes
472 426 585 465 faciat
602 427 811 466 foederatos.
851 427 959 476 Quid
983 428 1086 466 enim
1114 428 1240 480 potuit
1263 427 1340 466 dici
1361 428 1436 466 im-

320 480 493 531 peritius,
514 494 631 531 quam
659 480 856 519 foederatos
886 482 1047 533 populos
1064 481 1146 520 fieri
1163 482 1303 520 fundos
1321 494 1432 533 opor-

318 541 396 571 tere
407 534 425 570 ?
453 546 545 571 nam
561 534 602 571 id
620 547 697 572 non
715 536 837 586 magis
857 544 913 574 est
930 535 1129 587 proprium
1147 535 1431 583 foederatorum,

319 600 439 638 quam
457 588 632 626 omnium
649 588 868 626 liberorum.
898 589 973 628 Sed
985 597 1109 628 totum
1120 590 1205 637 hoc,
1215 589 1375 638 judices,
1391 589 1433 628 in

320 641 365 678 e⁸a
382 641 457 678 fuit
475 641 642 692 positum
665 655 813 693 semper
841 643 986 681 ratione
1014 651 1130 694 atque
1153 642 1353 689 sententia,
1373 650 1432 690 ut,

318 707 408 732 cum
423 695 593 744 jussisset
610 696 776 747 populus
789 697 989 735 Romanus
1007 696 1178 748 aliquid;
1208 696 1241 734 si
1258 696 1299 734 id
1312 695 1434 734 adsci-

318 748 461 786 vissent
479 749 567 787 socii
585 750 719 801 populi
733 763 777 788 ac
795 750 941 798 Latini,
957 758 1008 799 et,
1024 750 1055 789 si
1074 764 1119 789 ea
1135 751 1214 799 lex,
1234 762 1351 802 quam
1363 762 1435 788 nos

318 800 558 848 haberemus,
588 803 719 841 eadem
744 803 785 840 in
816 805 960 855 populo
991 804 1135 856 aliquo,
1165 812 1365 855 tamquam
1391 803 1435 842 in

319 854 453 903 fundo,
473 856 691 903 resedisset3
721 865 765 895 ut
782 864 867 895 tum
885 858 968 908 lege
987 858 1120 896 eadem
1140 858 1172 896 is
1190 859 1356 909 populus
1378 864 1434 895 te-

319 917 495 947 neretur:
517 922 608 958 non,
622 918 666 948 ut
679 911 726 948 de
737 919 863 949 nostro
872 912 958 961 jure
972 911 1119 963 aliquid
1133 911 1431 958 deminueretur,

319 961 385 999 sed
400 970 444 1000 ut
455 963 510 1000 illi
522 964 655 1015 populi
670 972 735 1002 aut
751 965 836 1013 jure
848 977 905 1013 eo,
919 965 1022 1016 quod
1034 979 1056 1002 a
1066 965 1175 1003 nobis
1187 972 1282 1003 esset
1293 964 1434 1002 consti-

320 1021 463 1063 tutum,
481 1026 547 1055 aut
565 1018 693 1068 aliquo
713 1018 911 1056 commodo
930 1026 998 1056 aut
1014 1018 1209 1066 beneficio,
1222 1025 1446 1056 uterentur.-

373 1069 486 1107 Tulit
513 1071 616 1121 apud
643 1072 804 1120 majores
833 1080 977 1110 nostros
1003 1072 1128 1122 legem
1157 1072 1201 1110 C.
1226 1071 1367 1110 Furius
1386 1071 1436 1110 de

318 1124 578 1169 testamentis3
608 1125 697 1162 tulit
716 1124 767 1172 Q.
791 1125 984 1163 Voconius
1014 1125 1062 1164 de
1090 1125 1297 1163 mulierum
1314 1125 1434 1163 haere-

319 1174 524 1214 ditatibus:
554 1178 850 1216 innumerabiles
862 1179 945 1216 aliae
956 1180 1059 1230 leges
1074 1179 1120 1217 de
1135 1179 1236 1217 civili
1245 1180 1331 1228 jure
1345 1185 1435 1216 sunt

317 1228 428 1267 latae:
460 1232 572 1281 (quas
591 1231 722 1269 Latini
740 1233 955 1279 voluerunt,
971 1233 1211 1271 adsciverunt
1224 1240 1254 1279 ι)
1273 1232 1356 1283 ipsa
1366 1232 1434 1270 de-

316 1282 434 1333 nique
451 1283 480 1321 J
483 1284 575 1331 ulia,
597 1285 674 1335 qua
688 1285 771 1335 lege
793 1284 866 1334 [ita
885 1286 1014 1324 civitas
1029 1293 1085 1325 est
1103 1286 1210 1324 sociis
1228 1293 1265 1324 et
1283 1285 1433 1324 Latinis

317 1334 420 1384 data,
440 1339 520 1389 ut,]
546 1338 614 1389 qui
644 1338 755 1376 fundi
783 1340 919 1390 populi
950 1340 1040 1378 facti
1068 1352 1145 1378 non
1176 1346 1311 1388 essent,
1343 1339 1435 1377 civi-

317 1396 434 1428 tatem
453 1403 532 1428 non
550 1392 744 1430 haberent.
776 1393 826 1430 In
844 1406 921 1444 quo
940 1406 1082 1444 magna
1100 1393 1288 1432 contentio
1307 1393 1433 1431 Hera-

316 1443 515 1481 cliensium
534 1452 571 1483 et
584 1446 927 1496 Neapolitanorum
939 1447 1028 1495 fuit,
1041 1460 1129 1485 cum
1141 1459 1284 1498 magna
1294 1459 1382 1497 pars
1392 1445 1434 1483 in

315 1495 362 1533 iis
374 1497 588 1536 civitatibus
599 1498 748 1537 foederis
761 1500 820 1537 sui
832 1500 1044 1538 libertatem
1057 1500 1199 1539 civitati
1218 1499 1430 1538 anteferret.

317 1549 516 1588 Postremo
534 1551 615 1589 haec
635 1552 690 1590 vis
710 1560 765 1591 est
781 1553 891 1592 istius
909 1562 946 1591 et
960 1553 1058 1603 juris
1073 1561 1110 1592 et
1128 1553 1246 1601 verbi,
1262 1559 1307 1590 ut
1317 1552 1430 1590 fundi

313 1603 462 1652 populi,
494 1604 675 1643 beneficio
701 1614 842 1654 nostro,
862 1619 939 1645 non
969 1619 1037 1645 suo
1063 1608 1162 1655 jure,
1181 1606 1286 1644 fiant.
1328 1606 1432 1644 Cum

315 1655 462 1706 aliquid
480 1658 645 1707 populus
665 1659 865 1698 Romanus
887 1660 1013 1710 jussit,
1033 1660 1074 1698 id
1092 1660 1123 1698 si
1151 1667 1207 1697 est
1225 1659 1430 1708 ejusmodi,

315 1716 360 1745 ut
378 1709 607 1759 quibusdam
620 1713 787 1763 populis,
803 1713 880 1752 sive
898 1713 1087 1752 foederatis
1101 1713 1179 1751 sive
1192 1713 1334 1761 liberis,
1347 1725 1434 1763 per-

315 1761 547 1800 mittendum
578 1777 656 1802 esse
679 1766 865 1815 videatur,
896 1774 941 1805 ut
969 1774 1137 1805 statuant
1165 1766 1251 1817 ipsi,
1282 1778 1359 1804 non
1385 1765 1434 1804 de

314 1816 466 1864 nostris,
487 1816 552 1854 sed
570 1816 616 1854 de
636 1818 713 1856 suis
731 1821 858 1869 rebus,
879 1833 956 1872 quo
974 1822 1061 1871 jure
1079 1820 1137 1858 uti
1155 1820 1299 1865 velint;
1328 1826 1429 1866 tum,

314 1876 447 1906 utrum
465 1869 577 1907 fundi
594 1870 684 1909 facti
709 1872 798 1921 sint,
818 1887 867 1911 an
892 1887 984 1920 non,
1005 1873 1256 1926 quaerendum
1279 1885 1358 1911 esse
1375 1872 1434 1910 vi-

316 1921 475 1961 deatur:
506 1923 554 1961 de
570 1925 699 1962 nostra
713 1938 799 1964 vero
813 1928 1021 1978 republica,
1042 1928 1089 1965 de
1107 1934 1236 1965 nostro
1253 1926 1428 1977 imperio,

318 1975 367 2014 de
385 1976 522 2015 nostris
542 1977 663 2025 bellis,
684 1978 732 2016 de
745 1979 916 2029 victoria,
936 1981 983 2020 de
998 1982 1134 2029 salute,
1154 1980 1293 2019 fundos
1311 1991 1436 2032 popu-

317 2029 374 2067 los
392 2030 473 2068 fieri
491 2030 706 2069 noluerunt.

370 2083 449 2121 IX.
476 2083 617 2134 Atqui,
648 2084 680 2122 si
710 2084 997 2136 imperatoribus
1032 2086 1183 2135 nostris,
1213 2086 1245 2125 si
1269 2085 1431 2134 senatui,

316 2135 350 2174 si
376 2137 520 2188 populo
546 2138 739 2187 Romano,
769 2150 847 2178 non
867 2140 1008 2190 licebit,
1035 2140 1236 2194 propositis
1260 2138 1428 2192 praemiis
