1509 2397
236 123 312 168 170
450 124 566 164 PRO
594 123 916 164 DEIOTARo.
947 123 1054 163 CAP.
1082 124 1122 162 ὃ.

230 231 372 280 Caesat,
385 232 551 271 hominis
570 233 755 284 probitas,
768 233 850 271 noti
863 245 1002 281 mores,
1019 238 1110 271 nota
1127 228 1351 270 constantia.

231 285 307 323 Cui
326 299 451 348 porro,
472 287 541 339 qui
558 287 674 326 modo
691 287 827 348 populi
845 286 1015 326 Romani
1033 298 1175 325 nomen
1187 283 1348 329 audivit,

230 338 403 378 Deiotari
421 341 629 392 integritas,
651 341 830 392 gravitas,
851 341 987 389 virtus,
1003 341 1111 388 fides,
1127 352 1205 377 non
1219 337 1352 377 audita

232 396 319 432 est?
349 394 468 441 Quod
486 395 603 446 igitur
622 396 769 433 facinus
782 407 851 433 nec
862 395 903 432 in
916 395 1114 433 hominem
1125 391 1350 444 impruden-

229 455 308 486 tem
323 448 454 486 cadere
468 457 593 500 posset
607 456 761 510 propter
775 456 924 487 metum
939 449 1134 500 praesentis
1149 447 1269 492 exitii,
1281 457 1351 482 nec

228 501 271 539 in
288 502 556 551 facinorosum,
582 503 654 541 nisi
674 511 769 541 esset
787 503 890 541 idem
909 503 1206 548 amentissimus,
1225 500 1267 538 id
1285 511 1352 537 vos

230 562 268 593 et
286 569 309 594 a
327 557 407 594 viro
426 558 585 608 optimc,
602 565 638 595 et
650 558 698 595 ab
713 557 870 595 homine
888 557 1049 595 minime
1067 557 1198 604 stulto,
1211 553 1354 606 cogita-

228 616 313 648 tum
335 624 412 649 esse
431 611 657 662 confingitis.

281 664 341 702 At
360 678 478 716 quam
498 677 574 703 non
594 664 710 703 modo
739 677 816 703 non
847 664 1088 712 credibiliter,
1115 664 1181 702 sed
1205 676 1255 702 ne
1287 673 1352 700 su-

227 718 386 769 spiciose
399 719 580 770 quidem!
604 718 750 766 Cum,
738 720 880 771 lnquit,
896 719 936 756 in
952 719 1150 758 castellum
1160 716 1351 756 Luceium

228 772 405 819 venisses,
428 781 464 811 et
479 773 639 811 domum
654 773 766 824 regis,
783 772 944 825 hospitis
963 773 1035 819 tui,
1056 771 1281 817 divertisses,
1296 770 1355 808 lo-

229 839 296 864 cus
315 834 394 865 erat
413 827 586 878 quidam,
606 827 647 864 in
667 841 745 878 quo
764 835 872 866 erant
891 840 935 865 ea
960 826 1183 878 composita,
1211 825 1352 877 quibus

229 893 297 918 rex
316 888 354 919 te
371 893 573 919 munerare
592 882 848 920 constituerat.
880 881 972 919 Huc
984 888 1021 919 te
1033 880 1214 928 ebalneo,
1227 879 1354 931 prius-

229 948 348 986 quam
360 936 613 982 accumberes,
624 935 761 974 ducere
773 936 934 974 volebat.
948 935 1075 973 Erant
1088 934 1191 972 enim
1199 932 1352 981 armati,

228 988 295 1040 qui
316 996 353 1026 te
372 988 640 1035 interficerent,
664 989 705 1026 in
728 1002 772 1027 eo
790 989 874 1040 ipso
887 990 970 1028 loco
990 987 1173 1028 collocati.
1203 988 1268 1026 En
1281 987 1354 1025 cri-

228 1054 334 1090 men,
351 1055 398 1081 en
411 1055 537 1090 causa,
554 1055 621 1081 eur
635 1056 764 1094 regem
775 1043 975 1094 fugitivus,
992 1042 1195 1081 dominum
1207 1053 1352 1088 servus,

229 1104 391 1135 accuset.
421 1096 522 1147 Ego,
546 1097 795 1143 (mehercule)
816 1097 887 1136 Cai
902 1097 1044 1144 Caesar,
1057 1095 1180 1142 initio,
1195 1108 1285 1134 cum
1297 1101 1353 1133 est

228 1150 278 1188 ad
297 1163 360 1188 me
378 1151 450 1188 ista
469 1164 582 1189 031183
600 1151 739 1199 delata,
768 1151 1011 1202 Phidippum
1037 1149 1246 1196 medicum,
1275 1161 1355 1187 ser-

229 1217 323 1243 vum
342 1204 507 1255 regium,
529 1205 597 1256 qui
627 1217 716 1242 cum
741 1205 877 1256 legatis
903 1205 1043 1243 missus
1063 1211 1173 1252 esset,
1204 1205 1253 1242 ab
1280 1203 1355 1241 isto

230 1258 465 1297 adolescente
484 1271 562 1297 esse
581 1266 817 1309 corruptum,
837 1258 910 1297 hac
929 1258 1142 1309 suspicione
1161 1270 1249 1295 sum
1267 1269 1355 1308 per-

231 1323 388 1350 cussus:
419 1312 613 1350 medicum
633 1312 800 1350 indicem
820 1312 1069 1350 subornabit:
1099 1311 1220 1363 finget
1249 1310 1356 1349 vide-

227 1365 317 1404 licet
336 1366 492 1418 aliquod
511 1367 654 1405 crimen
666 1366 813 1405 veneni.
842 1366 930 1404 Etsi
941 1380 964 1404 a
977 1365 1134 1404 veritate
1151 1366 1279 1416 longe,
1294 1371 1354 1402 ta-

228 1431 320 1458 men
339 1433 361 1458 a
380 1420 654 1459 consuetudine
673 1420 901 1459 criminandi
919 1432 997 1459 non
1007 1420 1194 1469 multum,
1209 1432 1268 1458 res
1286 1420 1354 1458 ab·

229 1473 420 1513 horrebat.

282 1528 393 1589 Quid
422 1529 475 1567 ait
500 1528 702 1568 medicus?
730 1528 828 1567 1111111
850 1528 898 1568 de
916 1541 1074 1568 veneno.
1114 1528 1174 1567 At
1202 1526 1243 1565 id
1270 1525 1353 1565 fieri

227 1581 369 1634 potuit,
379 1583 519 1644 primo,
532 1583 738 1622 occultius
727 1595 768 1620 m
780 1583 948 1635 potione,
958 1581 1040 1621 vel
1029 1595 1070 1621 111
1083 1583 1187 1621 cibo:
1201 1581 1354 1628 deinde,

227 1636 344 1674 etiam
367 1636 567 1688 impunius
591 1637 649 1686 fit,
679 1637 798 1689 quod,
826 1649 916 1676 cum
947 1647 1004 1675 est
1031 1637 1192 1698 factum,
1221 1633 1355 1686 negari

226 1697 362 1742 potest,
393 1691 435 1730 Si
452 1692 582 1743 palam
601 1699 639 1729 te
657 1691 922 1753 interemisset,
943 1691 1121 1729 omnium
1140 1690 1181 1728 in
1201 1702 1240 1728 se
1258 1701 1353 1740 gen-

224 1744 327 1782 tium
346 1756 423 1782 non
443 1746 569 1783 solum
588 1745 688 1793 odia,
710 1744 778 1784 sed
796 1745 913 1784 etiam
935 1757 1056 1792 arma,
1083 1743 1350 1783 convertisset:

225 1797 259 1836 si
271 1810 418 1837 veneno
431 1812 443 1844 ς
465 1799 494 1837 J
496 1799 576 1837 ovis
588 1799 692 1837 iuius
708 1799 865 1851 quidem
876 1799 1076 1851 hospitalis
1090 1810 1236 1836 numen
1251 1809 1354 1835 nun-

225 1864 346 1903 quam
372 1853 493 1891 celare
519 1852 726 1904 potuisset,
715 1867 726 1877 ·
756 1853 932 1892 hominm
961 1853 1119 1891 fortasse
1143 1851 1351 1891 celavisset.

227 1905 369 1954 Quod
357 1906 476 1957 igitur
490 1914 528 1946 et
546 1907 730 1946 occultius
742 1907 884 1956 conari,
898 1915 935 1946 et
950 1906 1094 1945 efficere
1108 1905 1270 1952 cautius,
1283 1917 1354 1956 po-

226 1959 328 2006 tuit;
357 1960 399 1998 id
417 1960 501 2006 tibi,
523 1967 560 1999 et
577 1961 725 2000 medico
745 1960 896 2010 callido,
918 1969 956 2000 et
974 1973 1081 2000 servo
1096 1963 1158 2004 (ut
1171 1960 1350 2020 putabat)

226 1989 346 2062 fideli,
367 2025 445 2052 non
465 2014 648 2060 crediditg
679 2015 727 2053 de
746 2015 875 2064 armis,
897 2014 945 2054 de
969 2014 1083 2063 ferro,
1110 2014 1158 2052 de
1186 2012 1349 2060 1118111118,

226 2067 347 2107 celare
361 2075 398 2106 te
416 2069 542 2107 noluit
552 2068 572 2106 ?
599 2070 659 2108 At
677 2081 797 2121 quam
807 2069 941 2108 festive
955 2069 1098 2108 crimen
1111 2065 1349 2107 contexitur!

228 2120 320 2159 Tua
329 2128 381 2169 te,
395 2122 536 2174 inquit,
549 2123 696 2171 eadem,
710 2136 798 2174 quae
812 2136 977 2175 semper,
992 2123 1148 2163 fortuna
1161 2119 1348 2160 servavit·
1336 2147 1348 2163 ‚

228 2176 412 2226 negavisti
432 2184 515 2215 tum
536 2184 573 2216 te
591 2177 776 2228 inspicere
794 2177 902 2216 velle.
