1509 2397
372 124 436 164 IN
467 123 741 163 PISONEM.
773 124 877 162 CAP.
908 124 971 161 21.
1177 123 1229 161 49

118 233 202 286 ipsa
219 232 433 272 consulatus
451 231 566 270 vestri
583 230 849 283 perhorrescat.
881 230 978 269 Haec
997 242 1066 282 ego
1085 242 1232 281 semper

117 289 164 326 de
195 287 300 326 vobis
329 286 508 337 expetivi,
538 286 620 323 haec
650 285 792 335 optavi,
822 285 903 322 haec
933 291 1107 335 precatus
1131 296 1229 322 sum.

117 341 236 380 Plura
247 340 360 378 etiam
376 340 606 386 acciderunt,
622 352 738 389 quam
755 338 920 376 vellem:
943 351 1048 385 nam,
1063 346 1106 374 ut
1118 337 1231 375 amit-

115 394 239 433 teretis
251 393 474 440 exercitum,
487 405 687 443 nunquam
702 392 948 438 (mehercule)
962 391 1102 442 optavi.
1125 391 1231 428 Illud

117 448 231 486 etiam
250 447 384 485 accidit
402 454 537 498 praeter
550 453 725 497 optatum
744 458 891 506 meum,
906 445 970 483 sed
986 445 1095 483 valde
1107 457 1153 482 ex
1166 457 1232 482 vo-

119 500 417 540 11111131631111111
435 500 537 538 enim
552 512 628 537 non
647 506 799 537 venerat
813 500 853 536 in
865 507 1048 545 mentem,
1065 498 1233 535 furorem

122 563 161 594 et
177 555 365 593 insaniam
384 562 514 605 optare
532 553 651 599 vobis,
680 552 720 590 in
740 566 857 603 quam
874 552 1067 590 incidistis.
1107 551 1235 602 Atqui

122 609 197 647 fuit
214 608 425 660 optandum
442 622 452 645 :
483 620 546 645 me
564 615 693 645 tamen
707 606 869 657 fugerat,
886 605 1088 644 Deorum
1078 618 1235 643 immor-

123 663 260 701 talium
277 662 346 699 has
365 674 442 699 esse
460 662 500 698 in
519 661 656 711 impios
676 667 711 698 et
731 661 996 698 consceleratos
1014 672 1143 710 poenas
1158 672 1236 696 cer-

123 716 286 754 tissimas
305 715 535 754 constitutas.
565 714 697 752 Nolite
716 713 818 752 enim
837 722 985 764 putare,
1005 721 1129 764 patres
1148 725 1236 750 con-

122 769 265 820 scripti,
297 772 357 811 (ut
386 769 426 805 in
452 768 562 806 506113
592 767 740 813 videtis)
766 767 939 805 homines
969 767 1236 804 consceleratos

121 823 294 874 impulsu
313 822 485 860 Deorum
505 821 634 860 terreri
653 821 858 858 Furiarum
878 821 984 858 taedis
1003 820 1234 858 ardentibus.

121 877 200 915 Sua
218 888 409 927 quemque
426 876 544 923 fraus,
564 887 677 912 suum
696 874 856 918 facinus,
877 887 990 912 suum
1011 874 1146 921 scelus,
1167 887 1236 912 sua

122 929 280 968 audacia
297 929 344 967 de
363 930 520 967 sanitate
539 942 582 966 ac
600 936 727 966 mente
745 928 932 966 deturbat.
964 928 1040 965 Hae
1054 935 1143 966 sunt
1160 927 1234 965 im-

120 983 273 1035 piorum
293 983 434 1030 Furiae,
453 982 514 1020 hae
532 983 712 1029 flammae,
732 982 793 1019 hae
810 982 920 1020 faces.

175 1037 262 1088 Ego
287 1043 324 1074 te
342 1048 418 1074 non
438 1036 648 1084 vecordem,
670 1048 746 1073 non
772 1035 974 1081 furiosum,
1004 1048 1082 1074 non
1106 1043 1235 1074 mente

123 1098 294 1142 captum,
315 1101 392 1127 non
412 1090 552 1140 tragico
570 1090 636 1127 illo
662 1089 797 1128 Oreste
822 1097 889 1127 aut
913 1089 1151 1127 Athamante
1169 1089 1234 1127 de-

121 1144 345 1182 mentiorem
364 1151 512 1195 putem,
533 1143 601 1194 qui
620 1143 668 1181 sis
687 1156 800 1181 ausus
811 1143 980 1194 primum
993 1143 1114 1182 facere
1126 1148 1234 1185 (nam

119 1197 161 1236 id
178 1205 233 1236 est
251 1205 396 1249 caput),
417 1197 566 1244 (16111116,
586 1197 701 1248 1131110
726 1205 826 1244 31116,
848 1197 1060 1248 Torquato,
1090 1196 1234 1248 gravis-

120 1251 217 1290 simo
235 1258 273 1289 et
291 1250 524 1289 sanctissimo
543 1251 639 1311 viro,
656 1259 866 1302 premente,
887 1251 1070 1298 confiteri,
1091 1259 1127 1288 te
1145 1263 1234 1301 pro-

121 1305 283 1344 vinciam
315 1304 598 1349 Macedoniam,
628 1304 669 1341 in
699 1317 816 1355 quam
849 1311 999 1342 tantum
1026 1304 1234 1342 exercitum

124 1357 426 1423 transportasses,
448 1357 526 1395 sine
545 1358 625 1395 ullo
643 1357 764 1395 milite
783 1357 1010 1418 reliquisse?
1050 1358 1170 1395 Mitto
1188 1357 1236 1395 de

125 1411 264 1450 31111553
295 1410 466 1448 maxima
483 1418 590 1461 parte
610 1411 816 1449 exercitus:
848 1411 895 1448 sit
915 1411 988 1449 hoc
1006 1411 1235 1449 infelicitatis

126 1473 214 1504 tuae.
258 1463 489 1502 Dimittendi
508 1477 594 1502 vero
619 1465 801 1502 exercitiis
828 1477 947 1516 quam
972 1472 1077 1516 potes
1103 1465 1235 1502 afferre

124 1531 277 1558 causam
292 1520 309 1556 ?
338 1530 455 1570 quam
474 1525 698 1569 potestatem
716 1518 882 1556 habuisti
899 1520 915 1556 Ρ
945 1531 1062 1569 quam
1081 1517 1234 1569 legem?

125 1572 230 1624 quod
257 1572 640 1610 senatus-consultum
656 1574 673 1609 ἓ
708 1572 811 1623 quod
839 1572 932 1621 jus?
970 1572 1074 1623 quod
1106 1585 1235 1610 exem-

124 1625 264 1678 plum?
306 1625 414 1672 Quid
444 1633 498 1663 est
523 1624 628 1662 aliud
656 1625 794 1672 furere,
825 1625 898 1664 nisi
920 1638 996 1663 non
1015 1638 1235 1677 cognoscere

122 1680 309 1727 homines,
328 1691 404 1717 non
423 1691 643 1730 cognoscere
661 1679 776 1730 leges,
797 1691 873 1717 non
893 1688 1080 1726 senatum,
1094 1692 1171 1718 non
1184 1679 1236 1718 ci-

123 1733 279 1772 vitatem
294 1733 312 1770 9
341 1732 549 1771 Cruentare
578 1745 714 1784 corpus
745 1746 859 1770 suum
874 1736 891 1771 ?
920 1735 1043 1782 major
1072 1733 1154 1771 haec
1181 1741 1236 1771 est

121 1787 224 1834 vitae,
255 1787 382 1833 famae,
417 1787 548 1824 salutis
576 1800 668 1834 suae,
703 1787 923 1825 vulneratio.
967 1787 1008 1826 Si
1046 1787 1236 1825 familiam

124 1848 230 1879 tuam
243 1840 447 1878 dimisisses
466 1840 587 1891 (quod
605 1840 654 1877 ad
672 1840 881 1887 neminem,
894 1841 968 1878 nisi
979 1840 1026 1878 ad
1038 1841 1166 1892 ipsum
1182 1848 1233 1888 te,

124 1894 358 1945 pertineret),
379 1894 492 1931 amici
512 1903 548 1932 te
576 1894 635 1931 tui
663 1894 999 1945 constringendum
1028 1902 1233 1955 putarent:

123 1947 343 2009 praesidium
361 1956 403 1985 tu
422 1948 556 1999 populi
575 1948 757 1993 Romani,
779 1948 990 1986 custodiam
1017 1948 1234 2000 provinciae,

124 2001 271 2050 injussu
290 2001 423 2052 populi
452 2004 690 2053 senatusque,
711 2001 930 2050 dimisisses,
953 2002 985 2040 si
1003 2009 1080 2040 tuae
1097 2001 1237 2040 mentis

124 2066 280 2105 compos
296 2054 460 2093 fuisses?

180 2107 300 2145 XXI.
329 2108 430 2146 Ecce
450 2108 518 2147 tibi
537 2109 646 2158 alter,
666 2109 814 2148 effusa
799 2122 883 2160 Jam
901 2108 1071 2148 maxima
1089 2107 1234 2160 praeda,

128 2173 246 2251 quagi
259 2174 307 2199 ex
325 2161 487 2200 fortunis
505 2163 811 2213 publicanorum,
827 2177 874 2202 ex
886 2164 986 2215 agris
1003 2163 1237 2212 urbibusque

178 2217 194 2255 (
238 2219 329 2261 rat.)
349 2226 452 2252 vot.
476 2227 538 2253 iv.
936 2228 961 2254 ι·
