1509 2397
245 81 328 120 310
464 79 804 120 PHILIPPICA
825 79 950 121 VIII.
978 78 1086 119 CAP.
1106 78 1150 117 4.

242 201 363 240 aquas
386 201 508 240 usque
536 197 574 228 et
607 189 789 228 Puteolos
814 187 1089 240 provehuntur.
1117 185 1225 236 Ergo
1247 183 1366 222 habet

242 243 455 291 Antonius,
481 243 587 295 quod
613 243 693 282 suis
717 243 951 295 polliceatur.
982 239 1092 290 Quid
1115 239 1214 278 nos?
1246 250 1366 276 num-

243 296 338 348 quid
366 297 442 335 tale
470 297 686 336 habemus?
727 297 797 335 Dii
818 296 1002 334 meliora!
1032 294 1074 333 id
1102 293 1208 333 enim
1232 291 1362 344 ipsum

241 350 408 401 agimuS,
429 363 476 390 ne
495 352 581 403 quis
598 351 758 403 posthac
787 349 977 400 ejusmodi
1002 348 1215 401 quidquam
1243 344 1364 398 possit

241 404 422 456 polliceri.
453 405 604 444 Invitus
616 405 699 444 dico
713 419 725 451 ;
747 405 813 443 sed
823 403 1029 442 dicendum
1041 410 1108 440 est.
1139 401 1263 440 Hasta
1277 399 1366 439 Cae-

240 458 348 507 saris,
368 467 494 510 patres
514 460 727 510 conscripti,
747 458 881 496 multis
907 456 1092 509 improbis
1117 462 1156 494 et
1179 467 1287 506 spem
1305 452 1365 491 af-

243 512 330 561 fert,
352 521 389 551 et
408 513 619 551 audaciam.
654 513 847 552 Viderunt
865 512 983 560 enim,
1018 523 1066 549 ex
1083 508 1268 548 mendicis
1285 507 1368 546 fieri

242 574 397 617 repente
415 567 568 605 divites:
590 567 721 619 itaque
731 567 883 604 hastam
902 578 1052 616 semper
1063 563 1192 603 videre
1204 561 1369 614 cupiunt.

241 619 284 668 ii,
312 621 380 672 qui
398 621 534 659 nostris
552 621 662 660 bonis
680 621 910 667 imminent;
940 619 1081 672 quibus
1099 616 1229 656 omnia
1253 615 1369 669 polli-

243 682 350 713 cetur
368 675 579 715 Antorjus.

299 728 408 777 Quid
440 730 538 767 nos?
567 728 706 768 nostris
736 728 964 768 exercitibus
994 726 1089 779 quid
1109 723 1365 778 pollicemur?

244 781 379 822 Multo
404 784 564 822 meliora
588 791 704 834 atque
733 784 892 833 majora.
922 782 1119 821 Scelerum
1147 779 1251 819 enim
1278 791 1368 831 pro-

242 836 388 885 missio,
409 845 446 875 et
463 837 523 885 iis,
540 837 609 889 qui
627 844 860 888 exspectant,
881 836 1091 888 perniciosa
1101 841 1172 883 est,
1188 841 1227 872 et
1239 833 1285 871 iis
1299 831 1369 884 qui

242 891 485 941 promittunt.
527 892 611 929 Nos
641 891 778 929 nostris
796 890 984 929 militibus
1003 889 1234 935 libertatem,
1262 887 1366 937 jura,

243 944 360 995 leges,
378 945 537 994 judicia,
556 945 765 996 imperium
784 944 885 983 orbis
899 951 1022 990 terrae,
1042 943 1283 994 dignitatem,
1297 953 1371 992 pa-

243 1010 341 1045 cem,
375 999 513 1045 otium,
544 999 782 1050 pollicemur.
821 998 987 1036 Antonii
1017 997 1136 1048 igitur
1166 995 1370 1047 promissa,

241 1060 415 1100 cruenta,
440 1060 550 1099 tetra,
578 1053 769 1100 scelerata,
795 1052 883 1091 Diis
906 1051 1203 1102 hominibusque
1229 1048 1368 1097 invisa,

243 1117 313 1144 nec
332 1106 528 1155 diuturna,
548 1119 617 1145 nec
635 1106 839 1145 salutaria:
870 1113 1012 1153 nostra,
1029 1112 1172 1152 contra,
1192 1103 1367 1150 honesta,

242 1159 405 1210 integra,
427 1161 604 1211 gloriosa,
623 1161 738 1212 plena
756 1160 913 1207 laetitiae,
933 1159 1049 1211 plena
1066 1157 1230 1210 pietatis.
1358 1185 1360 1187 -

299 1214 376 1252 IV.
407 1215 489 1253 Hic
507 1215 606 1253 mihi
625 1214 741 1253 etiam
765 1214 818 1262 Q.
840 1213 992 1260 Fufius,
1011 1213 1069 1250 vir
1087 1211 1194 1250 fortis
1212 1223 1256 1250 ac
1275 1218 1370 1250 stre-

242 1279 358 1315 nuus,
390 1269 536 1308 amicus
566 1281 689 1317 meus,
721 1268 824 1320 pacis
853 1266 1055 1307 commoda
1082 1272 1369 1305 commemorat.

243 1321 369 1370 Quasi
388 1336 490 1371 vero,
511 1323 542 1362 si
560 1322 754 1361 laudanda
772 1335 850 1374 pax
869 1329 979 1370 esset,
1000 1334 1070 1372 ego
1087 1319 1129 1358 id
1141 1332 1249 1371 aeque
1262 1331 1368 1358 com-

242 1376 357 1415 mode
374 1377 497 1416 facere
515 1389 593 1415 non
611 1390 773 1428 possem.
804 1376 933 1415 Semel
951 1375 1055 1414 enim
1078 1387 1212 1426 pacem
1236 1373 1370 1411 defen-

240 1429 311 1468 di?
340 1443 417 1469 non
437 1444 587 1482 semper
600 1431 678 1470 otio
697 1430 854 1469 studui?
884 1430 989 1482 quod
1003 1441 1093 1468 cum
1107 1427 1286 1467 omnibus
1296 1428 1368 1466 bo-

242 1484 302 1523 nis
314 1485 408 1524 utile
420 1493 489 1533 est,
502 1494 588 1523 tum
602 1486 794 1537 praecipue
806 1484 916 1522 mihi.
947 1483 1078 1532 Quem
1092 1482 1194 1521 enim
1208 1493 1365 1521 cursum

242 1538 430 1577 industria
448 1552 535 1578 mea
546 1548 671 1578 tenere
689 1539 888 1591 potuisset,
904 1538 984 1577 sine
1001 1537 1214 1576 forensibus
1226 1534 1363 1583 causis,

241 1591 322 1631 sine
340 1593 504 1644 legibus,
524 1594 604 1632 sine
617 1593 800 1643 judiciis?
830 1606 918 1645 quae
936 1605 1014 1631 esse
1031 1604 1109 1630 non
1123 1596 1296 1642 possunt,
1309 1589 1361 1628 ci·

241 1647 309 1684 vili
327 1660 420 1698 pace
439 1648 602 1686 sublata„
632 1648 708 1686 Sed
727 1660 870 1700 quaeso,
898 1647 1054 1693 Calene,
1074 1644 1196 1697 quid?
1225 1651 1268 1682 tu
1287 1655 1365 1682 ser-

241 1700 404 1739 vitutem
421 1715 556 1753 pacem
574 1702 711 1740 vocas?
743 1702 913 1750 majores
942 1699 1100 1751 quidem
1126 1698 1259 1746 nostri,
1285 1709 1364 1736 non

241 1754 359 1793 modo
377 1763 422 1794 ut
439 1755 549 1794 liberi
568 1763 705 1802 essent,
722 1756 787 1794 sed
805 1755 921 1794 etiam
936 1762 979 1792 ut
996 1754 1240 1805 imperarent,
1256 1763 1364 1790 arma

240 1808 467 1859 capiebant:
498 1817 541 1847 tu
560 1823 668 1848 arma
685 1809 899 1859 abjicienda
916 1821 1058 1855 censes,
1081 1814 1126 1845 ut
1143 1806 1365 1845 serviamus.

242 1861 346 1909 Quae
364 1876 478 1902 causa
492 1863 631 1913 justior
649 1871 705 1901 est
731 1863 823 1902 belli
841 1861 1011 1914 gerendi,
1035 1874 1154 1913 quam
1175 1859 1365 1899 servitutis

242 1915 416 1967 depulsio
427 1917 445 1954 ?
473 1917 515 1955 in
534 1917 613 1969 qua
624 1918 739 1956 etiam
759 1917 791 1956 si
808 1929 886 1955 non
905 1916 954 1955 sit
971 1916 1153 1954 molestus
1171 1914 1365 1961 dominus,

242 1977 375 2008 tamen
405 1979 460 2010 eet
492 1972 765 2019 miserrimum,
795 1984 918 2023 posse,
938 1970 970 2009 si
988 1970 1091 2008 velit.
1132 1969 1263 2007 Immo
1280 1967 1367 2006 aliae

243 2036 369 2063 causae
383 2025 510 2074 justae,
530 2026 613 2065 haec
631 2026 838 2065 necessaria
856 2033 937 2071 est;
967 2024 1040 2063 nisi
1057 2023 1154 2062 forte
1171 2022 1221 2062 ad
1239 2030 1276 2060 te
1288 2021 1363 2061 hoc

244 2089 322 2115 non
348 2088 460 2129 putas
478 2080 680 2132 pertinere,
701 2080 805 2133 quod
822 2087 860 2118 te
877 2079 1024 2118 socium
1045 2077 1126 2116 fore
1150 2088 1277 2129 speras
1297 2075 1368 2114 do-

243 2131 465 2174 minationis
492 2134 668 2174 Antonii.
711 2135 760 2174 In
790 2147 868 2186 quo
897 2132 956 2173 bis
984 2131 1121 2172 laberis
1137 2144 1150 2178 ς
1179 2129 1366 2183 primum,
