<?xml version="1.0" encoding="UTF-8"?>
<!DOCTYPE html PUBLIC "-//W3C//DTD XHTML 1.0 Transitional//EN"
    "http://www.w3.org/TR/xhtml1/DTD/xhtml1-transitional.dtd">
<html xmlns="http://www.w3.org/1999/xhtml" xml:lang="en" lang="en">
 <head>
  <title>
</title>
<meta http-equiv="Content-Type" content="text/html;charset=utf-8" />
  <meta name='ocr-system' content='tesseract 3.04.00' />
  <meta name='ocr-capabilities' content='ocr_page ocr_carea ocr_par ocr_line ocrx_word'/>
</head>
<body>
  <div class='ocr_page' id='page_1' title='image "./operaern08ciceuoft_0240.png"; bbox 0 0 1509 2397; ppageno 0'>
   <div class='ocr_carea' id='block_1_1' title="bbox 250 99 1136 140">
    <p class='ocr_par' dir='ltr' id='par_1_1' title="bbox 250 99 1136 140">
     <span class='ocr_line' id='line_1_1' title="bbox 250 99 1136 140; baseline 0.001 -3"><span class='ocrx_word' id='word_1_1' title='bbox 250 100 331 138; x_wconf 79' lang='lat'>226</span> <span class='ocrx_word' id='word_1_2' title='bbox 475 99 816 140; x_wconf 84' lang='lat' dir='ltr'><strong>PHILIPPICA</strong></span> <span class='ocrx_word' id='word_1_3' title='bbox 846 100 904 139; x_wconf 88' lang='grc' dir='ltr'>ΙΙ.</span> <span class='ocrx_word' id='word_1_4' title='bbox 935 100 1041 139; x_wconf 78' lang='lat' dir='ltr'>CAP.</span> <span class='ocrx_word' id='word_1_5' title='bbox 1069 101 1136 139; x_wconf 84' lang='lat'>32.</span> 
     </span>
    </p>
   </div>
   <div class='ocr_carea' id='block_1_2' title="bbox 245 206 1382 2249">
    <p class='ocr_par' dir='ltr' id='par_1_2' title="bbox 245 206 1370 460">
     <span class='ocr_line' id='line_1_2' title="bbox 245 206 1370 260; baseline 0 -16"><span class='ocrx_word' id='word_1_6' title='bbox 245 207 390 245; x_wconf 84' lang='lat' dir='ltr'>amoris</span> <span class='ocrx_word' id='word_1_7' title='bbox 407 206 636 260; x_wconf 76' lang='lat' dir='ltr'>[habuisti3]</span> <span class='ocrx_word' id='word_1_8' title='bbox 657 208 748 247; x_wconf 91' lang='lat' dir='ltr'>foris</span> <span class='ocrx_word' id='word_1_9' title='bbox 761 208 874 247; x_wconf 85' lang='lat' dir='ltr'>etiam</span> <span class='ocrx_word' id='word_1_10' title='bbox 889 208 1112 260; x_wconf 81' lang='lat' dir='ltr'>turpiorem,</span> <span class='ocrx_word' id='word_1_11' title='bbox 1124 219 1174 246; x_wconf 90' lang='lat' dir='ltr'>ne</span> <span class='ocrx_word' id='word_1_12' title='bbox 1187 206 1236 245; x_wconf 78' lang='lat' dir='ltr'>L.</span> <span class='ocrx_word' id='word_1_13' title='bbox 1251 206 1370 244; x_wconf 84' lang='lat' dir='ltr'>Plan-</span> 
     </span>
     <span class='ocr_line' id='line_1_3' title="bbox 249 260 1370 312; baseline 0 -14"><span class='ocrx_word' id='word_1_14' title='bbox 249 273 318 298; x_wconf 88' lang='lat' dir='ltr'>cus</span> <span class='ocrx_word' id='word_1_15' title='bbox 329 261 473 312; x_wconf 84' lang='lat' dir='ltr'>praedes</span> <span class='ocrx_word' id='word_1_16' title='bbox 486 269 570 300; x_wconf 84' lang='lat' dir='ltr'>tuos</span> <span class='ocrx_word' id='word_1_17' title='bbox 585 261 773 300; x_wconf 63' lang='lat' dir='ltr'>venderet„</span> <span class='ocrx_word' id='word_1_18' title='bbox 803 262 1018 301; x_wconf 87' lang='lat' dir='ltr'><strong>Productus</strong></span> <span class='ocrx_word' id='word_1_19' title='bbox 1031 269 1159 300; x_wconf 85' lang='lat' dir='ltr'>autem</span> <span class='ocrx_word' id='word_1_20' title='bbox 1170 260 1211 299; x_wconf 91' lang='lat' dir='ltr'>in</span> <span class='ocrx_word' id='word_1_21' title='bbox 1223 260 1370 299; x_wconf 25' lang='lat' dir='ltr'>concio-⁷</span> 
     </span>
     <span class='ocr_line' id='line_1_4' title="bbox 252 314 1368 377; baseline 0.001 -26"><span class='ocrx_word' id='word_1_22' title='bbox 252 325 343 352; x_wconf 87' lang='lat' dir='ltr'>nem</span> <span class='ocrx_word' id='word_1_23' title='bbox 363 328 385 352; x_wconf 91' lang='lat' dir='ltr'>a</span> <span class='ocrx_word' id='word_1_24' title='bbox 403 315 556 353; x_wconf 86' lang='lat' dir='ltr'>tribuno</span> <span class='ocrx_word' id='word_1_25' title='bbox 574 316 710 367; x_wconf 87' lang='lat' dir='ltr'>plebis,</span> <span class='ocrx_word' id='word_1_26' title='bbox 737 329 828 355; x_wconf 92' lang='lat' dir='ltr'>cum</span> <span class='ocrx_word' id='word_1_27' title='bbox 851 316 1125 377; x_wconf 80' lang='lat' dir='ltr'><strong>respondisses,</strong></span> <span class='ocrx_word' id='word_1_28' title='bbox 1149 322 1188 353; x_wconf 87' lang='lat' dir='ltr'>te</span> <span class='ocrx_word' id='word_1_29' title='bbox 1213 314 1268 352; x_wconf 91' lang='lat' dir='ltr'>rei</span> <span class='ocrx_word' id='word_1_30' title='bbox 1291 322 1368 352; x_wconf 83' lang='lat' dir='ltr'>tuae</span> 
     </span>
     <span class='ocr_line' id='line_1_5' title="bbox 252 368 1369 460; baseline 0.001 -55"><span class='ocrx_word' id='word_1_31' title='bbox 252 380 369 460; x_wconf 40' lang='lat' dir='ltr'>&amp;agisa</span> <span class='ocrx_word' id='word_1_32' title='bbox 386 369 544 418; x_wconf 89' lang='lat' dir='ltr'>venisse,</span> <span class='ocrx_word' id='word_1_33' title='bbox 571 370 759 421; x_wconf 89' lang='lat' dir='ltr'>populum</span> <span class='ocrx_word' id='word_1_34' title='bbox 783 370 898 409; x_wconf 89' lang='lat' dir='ltr'>etiam</span> <span class='ocrx_word' id='word_1_35' title='bbox 923 370 1090 408; x_wconf 76' lang='lat' dir='ltr'>dicacem</span> <span class='ocrx_word' id='word_1_36' title='bbox 1115 370 1156 407; x_wconf 92' lang='lat' dir='ltr'>in</span> <span class='ocrx_word' id='word_1_37' title='bbox 1181 376 1220 407; x_wconf 85' lang='lat' dir='ltr'>te</span> <span class='ocrx_word' id='word_1_38' title='bbox 1244 368 1369 406; x_wconf 88' lang='lat' dir='ltr'>reddi-</span> 
     </span>
    </p>

    <p class='ocr_par' dir='ltr' id='par_1_3' title="bbox 308 431 345 459">
     <span class='ocr_line' id='line_1_6' title="bbox 308 431 345 459; baseline 0 0"><span class='ocrx_word' id='word_1_39' title='bbox 308 431 345 459; x_wconf 68' lang='grc' dir='ltr'>τι</span> 
     </span>
    </p>

    <p class='ocr_par' dir='ltr' id='par_1_4' title="bbox 253 476 1376 1497">
     <span class='ocr_line' id='line_1_7' title="bbox 307 476 1369 528; baseline 0.001 -15"><span class='ocrx_word' id='word_1_40' title='bbox 307 476 496 515; x_wconf 80' lang='lat' dir='ltr'>XXXII.</span> <span class='ocrx_word' id='word_1_41' title='bbox 527 477 603 516; x_wconf 86' lang='lat' dir='ltr'>Sed</span> <span class='ocrx_word' id='word_1_42' title='bbox 634 477 749 515; x_wconf 86' lang='lat' dir='ltr'>nimis</span> <span class='ocrx_word' id='word_1_43' title='bbox 772 478 898 516; x_wconf 88' lang='lat' dir='ltr'>multa</span> <span class='ocrx_word' id='word_1_44' title='bbox 918 477 966 515; x_wconf 93' lang='lat' dir='ltr'>de</span> <span class='ocrx_word' id='word_1_45' title='bbox 983 477 1122 528; x_wconf 86' lang='lat' dir='ltr'>nugis:</span> <span class='ocrx_word' id='word_1_46' title='bbox 1151 476 1201 515; x_wconf 86' lang='lat' dir='ltr'>ad</span> <span class='ocrx_word' id='word_1_47' title='bbox 1222 477 1369 525; x_wconf 67' lang='lat' dir='ltr'>maiora</span> 
     </span>
     <span class='ocr_line' id='line_1_8' title="bbox 254 529 1369 583; baseline 0.002 -17"><span class='ocrx_word' id='word_1_48' title='bbox 254 529 465 569; x_wconf 84' lang='lat' dir='ltr'>veniamus.</span> <span class='ocrx_word' id='word_1_49' title='bbox 512 531 655 570; x_wconf 81' lang='lat' dir='ltr'>Caesari</span> <span class='ocrx_word' id='word_1_50' title='bbox 701 544 749 570; x_wconf 89' lang='lat' dir='ltr'>ex</span> <span class='ocrx_word' id='word_1_51' title='bbox 782 531 973 583; x_wconf 70' lang='lat' dir='ltr'>Hispania</span> <span class='ocrx_word' id='word_1_52' title='bbox 1008 530 1182 569; x_wconf 87' lang='lat' dir='ltr'>redeunti</span> <span class='ocrx_word' id='word_1_53' title='bbox 1216 530 1369 568; x_wconf 86' lang='lat' dir='ltr'>obviam</span> 
     </span>
     <span class='ocr_line' id='line_1_9' title="bbox 254 583 1370 636; baseline 0.001 -16"><span class='ocrx_word' id='word_1_54' title='bbox 254 583 476 634; x_wconf 81' lang='lat' dir='ltr'>longissime</span> <span class='ocrx_word' id='word_1_55' title='bbox 500 585 724 636; x_wconf 79' lang='lat' dir='ltr'>processisti.</span> <span class='ocrx_word' id='word_1_56' title='bbox 755 585 936 624; x_wconf 83' lang='lat' dir='ltr'>Celeriter</span> <span class='ocrx_word' id='word_1_57' title='bbox 955 584 1033 633; x_wconf 81' lang='lat' dir='ltr'>isti,</span> <span class='ocrx_word' id='word_1_58' title='bbox 1062 583 1207 631; x_wconf 81' lang='lat' dir='ltr'>redisti,</span> <span class='ocrx_word' id='word_1_59' title='bbox 1234 591 1279 622; x_wconf 93' lang='lat' dir='ltr'>ut</span> <span class='ocrx_word' id='word_1_60' title='bbox 1308 596 1370 621; x_wconf 88' lang='lat' dir='ltr'>co-</span> 
     </span>
     <span class='ocr_line' id='line_1_10' title="bbox 254 639 1368 687; baseline 0 -13"><span class='ocrx_word' id='word_1_61' title='bbox 254 646 450 687; x_wconf 85' lang='lat' dir='ltr'>gnosceret</span> <span class='ocrx_word' id='word_1_62' title='bbox 479 646 530 687; x_wconf 78' lang='lat' dir='ltr'>te,</span> <span class='ocrx_word' id='word_1_63' title='bbox 563 639 594 677; x_wconf 90' lang='lat' dir='ltr'>si</span> <span class='ocrx_word' id='word_1_64' title='bbox 623 639 752 677; x_wconf 86' lang='lat' dir='ltr'>minus</span> <span class='ocrx_word' id='word_1_65' title='bbox 783 639 938 687; x_wconf 88' lang='lat' dir='ltr'>fortem,</span> <span class='ocrx_word' id='word_1_66' title='bbox 961 645 1129 677; x_wconf 82' lang='lat' dir='ltr'>attamen</span> <span class='ocrx_word' id='word_1_67' title='bbox 1155 645 1368 676; x_wconf 86' lang='lat' dir='ltr'>strenuum.</span> 
     </span>
     <span class='ocr_line' id='line_1_11' title="bbox 257 690 1371 744; baseline 0 -16"><span class='ocrx_word' id='word_1_68' title='bbox 257 691 399 729; x_wconf 79' lang='lat' dir='ltr'>Factus</span> <span class='ocrx_word' id='word_1_69' title='bbox 419 705 456 730; x_wconf 92' lang='lat' dir='ltr'>es</span> <span class='ocrx_word' id='word_1_70' title='bbox 475 693 509 730; x_wconf 94' lang='lat' dir='ltr'>ei</span> <span class='ocrx_word' id='word_1_71' title='bbox 527 706 670 740; x_wconf 85' lang='lat' dir='ltr'>rursus,</span> <span class='ocrx_word' id='word_1_72' title='bbox 684 693 809 731; x_wconf 87' lang='lat' dir='ltr'>nescio</span> <span class='ocrx_word' id='word_1_73' title='bbox 824 692 1031 744; x_wconf 89' lang='lat' dir='ltr'>quomodo,</span> <span class='ocrx_word' id='word_1_74' title='bbox 1042 691 1254 729; x_wconf 83' lang='lat' dir='ltr'>familiaris.</span> <span class='ocrx_word' id='word_1_75' title='bbox 1285 690 1371 729; x_wconf 82' lang='lat' dir='ltr'>Ha·</span> 
     </span>
     <span class='ocr_line' id='line_1_12' title="bbox 256 745 1372 798; baseline 0 -16"><span class='ocrx_word' id='word_1_76' title='bbox 256 746 370 782; x_wconf 89' lang='lat' dir='ltr'>bebat</span> <span class='ocrx_word' id='word_1_77' title='bbox 387 745 459 784; x_wconf 92' lang='lat' dir='ltr'>hoc</span> <span class='ocrx_word' id='word_1_78' title='bbox 477 747 632 785; x_wconf 87' lang='lat' dir='ltr'>omnino</span> <span class='ocrx_word' id='word_1_79' title='bbox 652 746 779 785; x_wconf 80' lang='lat' dir='ltr'>Caesar</span> <span class='ocrx_word' id='word_1_80' title='bbox 791 761 803 784; x_wconf 74' lang='grc' dir='ltr'>ι</span> <span class='ocrx_word' id='word_1_81' title='bbox 833 759 949 798; x_wconf 89' lang='lat' dir='ltr'>quem</span> <span class='ocrx_word' id='word_1_82' title='bbox 961 747 1074 798; x_wconf 85' lang='lat' dir='ltr'>plane</span> <span class='ocrx_word' id='word_1_83' title='bbox 1090 745 1284 796; x_wconf 87' lang='lat' dir='ltr'>perditum</span> <span class='ocrx_word' id='word_1_84' title='bbox 1299 757 1372 783; x_wconf 89' lang='lat' dir='ltr'>aere</span> 
     </span>
     <span class='ocr_line' id='line_1_13' title="bbox 253 798 1372 852; baseline 0 -17"><span class='ocrx_word' id='word_1_85' title='bbox 253 798 395 847; x_wconf 88' lang='lat' dir='ltr'>alieno,</span> <span class='ocrx_word' id='word_1_86' title='bbox 428 808 691 852; x_wconf 82' lang='lat' dir='ltr'>egentemque,</span> <span class='ocrx_word' id='word_1_87' title='bbox 721 801 753 838; x_wconf 89' lang='lat' dir='ltr'>si</span> <span class='ocrx_word' id='word_1_88' title='bbox 777 800 955 838; x_wconf 89' lang='lat' dir='ltr'>eumdem</span> <span class='ocrx_word' id='word_1_89' title='bbox 981 811 1149 851; x_wconf 87' lang='lat' dir='ltr'>nequam</span> <span class='ocrx_word' id='word_1_90' title='bbox 1174 798 1372 837; x_wconf 87' lang='lat' dir='ltr'>hominem</span> 
     </span>
     <span class='ocr_line' id='line_1_14' title="bbox 254 852 1373 905; baseline 0.001 -16"><span class='ocrx_word' id='word_1_91' title='bbox 254 852 516 904; x_wconf 82' lang='lat' dir='ltr'>audacemque</span> <span class='ocrx_word' id='word_1_92' title='bbox 535 858 728 905; x_wconf 74' lang='lat' dir='ltr'>cognotat,</span> <span class='ocrx_word' id='word_1_93' title='bbox 748 854 851 892; x_wconf 91' lang='lat' dir='ltr'>hunc</span> <span class='ocrx_word' id='word_1_94' title='bbox 869 854 910 892; x_wconf 89' lang='lat' dir='ltr'>in</span> <span class='ocrx_word' id='word_1_95' title='bbox 934 853 1234 892; x_wconf 76' lang='lat' dir='ltr'>familiaritatem</span> <span class='ocrx_word' id='word_1_96' title='bbox 1250 852 1373 890; x_wconf 90' lang='lat' dir='ltr'>liben-</span> 
     </span>
     <span class='ocr_line' id='line_1_15' title="bbox 257 906 1374 969; baseline 0.001 -27"><span class='ocrx_word' id='word_1_97' title='bbox 257 906 401 944; x_wconf 82' lang='lat' dir='ltr'>tissime</span> <span class='ocrx_word' id='word_1_98' title='bbox 430 908 643 969; x_wconf 85' lang='lat' dir='ltr'>recipiebat.</span> <span class='ocrx_word' id='word_1_99' title='bbox 674 908 750 946; x_wconf 91' lang='lat' dir='ltr'>His</span> <span class='ocrx_word' id='word_1_100' title='bbox 781 908 900 958; x_wconf 88' lang='lat' dir='ltr'>igitur</span> <span class='ocrx_word' id='word_1_101' title='bbox 928 909 1041 946; x_wconf 84' lang='lat' dir='ltr'>rebus</span> <span class='ocrx_word' id='word_1_102' title='bbox 1067 907 1247 958; x_wconf 86' lang='lat' dir='ltr'>praeclare</span> <span class='ocrx_word' id='word_1_103' title='bbox 1271 918 1374 943; x_wconf 80' lang='lat' dir='ltr'>com·</span> 
     </span>
     <span class='ocr_line' id='line_1_16' title="bbox 256 959 1373 1011; baseline 0 -14"><span class='ocrx_word' id='word_1_104' title='bbox 256 959 474 1010; x_wconf 86' lang='lat' dir='ltr'>mendatus,</span> <span class='ocrx_word' id='word_1_105' title='bbox 501 963 630 1010; x_wconf 88' lang='lat' dir='ltr'>jussus</span> <span class='ocrx_word' id='word_1_106' title='bbox 660 975 698 1000; x_wconf 91' lang='lat' dir='ltr'>es</span> <span class='ocrx_word' id='word_1_107' title='bbox 729 961 941 999; x_wconf 86' lang='lat' dir='ltr'>renuntiari</span> <span class='ocrx_word' id='word_1_108' title='bbox 977 961 1123 1009; x_wconf 88' lang='lat' dir='ltr'>consul,</span> <span class='ocrx_word' id='word_1_109' title='bbox 1150 967 1188 999; x_wconf 89' lang='lat' dir='ltr'>et</span> <span class='ocrx_word' id='word_1_110' title='bbox 1216 959 1373 1011; x_wconf 89' lang='lat' dir='ltr'>quidem</span> 
     </span>
     <span class='ocr_line' id='line_1_17' title="bbox 259 1013 1376 1075; baseline -0.001 -24"><span class='ocrx_word' id='word_1_111' title='bbox 259 1026 349 1052; x_wconf 88' lang='lat' dir='ltr'>cum</span> <span class='ocrx_word' id='word_1_112' title='bbox 374 1014 468 1065; x_wconf 90' lang='lat' dir='ltr'>ipso</span> <span class='ocrx_word' id='word_1_113' title='bbox 497 1015 610 1053; x_wconf 82' lang='lat' dir='ltr'>Nihil</span> <span class='ocrx_word' id='word_1_114' title='bbox 636 1028 773 1067; x_wconf 89' lang='lat' dir='ltr'>queror</span> <span class='ocrx_word' id='word_1_115' title='bbox 794 1014 841 1053; x_wconf 90' lang='lat' dir='ltr'>de</span> <span class='ocrx_word' id='word_1_116' title='bbox 866 1014 1086 1075; x_wconf 72' lang='lat' dir='ltr'>Dolabella,</span> <span class='ocrx_word' id='word_1_117' title='bbox 1115 1013 1184 1065; x_wconf 90' lang='lat' dir='ltr'>qui</span> <span class='ocrx_word' id='word_1_118' title='bbox 1211 1020 1296 1052; x_wconf 80' lang='lat' dir='ltr'>tum</span> <span class='ocrx_word' id='word_1_119' title='bbox 1320 1020 1376 1051; x_wconf 90' lang='lat' dir='ltr'>est</span> 
     </span>
     <span class='ocr_line' id='line_1_18' title="bbox 257 1066 1375 1128; baseline 0 -24"><span class='ocrx_word' id='word_1_120' title='bbox 257 1067 462 1128; x_wconf 85' lang='lat' dir='ltr'>impulsus,</span> <span class='ocrx_word' id='word_1_121' title='bbox 482 1068 673 1117; x_wconf 85' lang='lat' dir='ltr'>inductus,</span> <span class='ocrx_word' id='word_1_122' title='bbox 695 1069 838 1107; x_wconf 83' lang='lat' dir='ltr'>elusus.</span> <span class='ocrx_word' id='word_1_123' title='bbox 868 1068 989 1116; x_wconf 87' lang='lat' dir='ltr'>Qua</span> <span class='ocrx_word' id='word_1_124' title='bbox 979 1081 1019 1106; x_wconf 87' lang='lat' dir='ltr'>m</span> <span class='ocrx_word' id='word_1_125' title='bbox 1038 1081 1079 1106; x_wconf 86' lang='lat' dir='ltr'>re</span> <span class='ocrx_word' id='word_1_126' title='bbox 1097 1074 1242 1119; x_wconf 73' lang='lat' dir='ltr'>quanta</span> <span class='ocrx_word' id='word_1_127' title='bbox 1259 1066 1375 1105; x_wconf 88' lang='lat' dir='ltr'>fuerit</span> 
     </span>
     <span class='ocr_line' id='line_1_19' title="bbox 256 1121 1374 1174; baseline 0 -16"><span class='ocrx_word' id='word_1_128' title='bbox 256 1121 455 1173; x_wconf 87' lang='lat' dir='ltr'>utriusque</span> <span class='ocrx_word' id='word_1_129' title='bbox 473 1126 639 1161; x_wconf 85' lang='lat' dir='ltr'>vestrum</span> <span class='ocrx_word' id='word_1_130' title='bbox 657 1122 840 1174; x_wconf 86' lang='lat' dir='ltr'>perfidia</span> <span class='ocrx_word' id='word_1_131' title='bbox 830 1135 870 1160; x_wconf 88' lang='lat' dir='ltr'>m</span> <span class='ocrx_word' id='word_1_132' title='bbox 882 1122 1142 1167; x_wconf 85' lang='lat' dir='ltr'>Dolabellam,</span> <span class='ocrx_word' id='word_1_133' title='bbox 1160 1121 1246 1173; x_wconf 89' lang='lat' dir='ltr'>quis</span> <span class='ocrx_word' id='word_1_134' title='bbox 1263 1121 1374 1171; x_wconf 80' lang='lat' dir='ltr'>igno-</span> 
     </span>
     <span class='ocr_line' id='line_1_20' title="bbox 257 1176 1375 1228; baseline -0.001 -15"><span class='ocrx_word' id='word_1_135' title='bbox 257 1177 348 1214; x_wconf 82' lang='lat' dir='ltr'>rat?</span> <span class='ocrx_word' id='word_1_136' title='bbox 379 1177 453 1214; x_wconf 90' lang='lat' dir='ltr'>llle</span> <span class='ocrx_word' id='word_1_137' title='bbox 470 1176 638 1224; x_wconf 82' lang='lat' dir='ltr'>induxit,</span> <span class='ocrx_word' id='word_1_138' title='bbox 666 1184 710 1215; x_wconf 92' lang='lat' dir='ltr'>ut</span> <span class='ocrx_word' id='word_1_139' title='bbox 738 1184 908 1228; x_wconf 89' lang='lat' dir='ltr'>peteret:</span> <span class='ocrx_word' id='word_1_140' title='bbox 940 1176 1172 1227; x_wconf 88' lang='lat' dir='ltr'>promissum</span> <span class='ocrx_word' id='word_1_141' title='bbox 1191 1181 1229 1215; x_wconf 84' lang='lat' dir='ltr'>et</span> <span class='ocrx_word' id='word_1_142' title='bbox 1246 1187 1375 1225; x_wconf 86' lang='lat' dir='ltr'>recep-</span> 
     </span>
     <span class='ocr_line' id='line_1_21' title="bbox 257 1228 1375 1281; baseline -0.002 -14"><span class='ocrx_word' id='word_1_143' title='bbox 257 1236 343 1267; x_wconf 91' lang='lat' dir='ltr'>tum</span> <span class='ocrx_word' id='word_1_144' title='bbox 361 1228 586 1278; x_wconf 85' lang='lat' dir='ltr'>intervertit,</span> <span class='ocrx_word' id='word_1_145' title='bbox 602 1230 651 1269; x_wconf 90' lang='lat' dir='ltr'>ad</span> <span class='ocrx_word' id='word_1_146' title='bbox 663 1243 777 1281; x_wconf 90' lang='lat' dir='ltr'>seque</span> <span class='ocrx_word' id='word_1_147' title='bbox 791 1230 1012 1268; x_wconf 84' lang='lat' dir='ltr'>transtulit.</span> <span class='ocrx_word' id='word_1_148' title='bbox 1043 1237 1087 1267; x_wconf 92' lang='lat' dir='ltr'>tu</span> <span class='ocrx_word' id='word_1_149' title='bbox 1105 1230 1188 1279; x_wconf 87' lang='lat' dir='ltr'>ejus</span> <span class='ocrx_word' id='word_1_150' title='bbox 1206 1228 1375 1279; x_wconf 70' lang='lat' dir='ltr'>perfiliae</span> 
     </span>
     <span class='ocr_line' id='line_1_22' title="bbox 258 1281 1375 1336; baseline -0.002 -15"><span class='ocrx_word' id='word_1_151' title='bbox 258 1283 495 1322; x_wconf 75' lang='lat' dir='ltr'>voluntatem</span> <span class='ocrx_word' id='word_1_152' title='bbox 516 1293 624 1322; x_wconf 85' lang='lat' dir='ltr'>tuam</span> <span class='ocrx_word' id='word_1_153' title='bbox 643 1283 885 1336; x_wconf 68' lang='lat' dir='ltr'>adscripsisti,</span> <span class='ocrx_word' id='word_1_154' title='bbox 914 1283 1089 1323; x_wconf 90' lang='lat' dir='ltr'>Veniunt</span> <span class='ocrx_word' id='word_1_155' title='bbox 1107 1281 1288 1322; x_wconf 84' lang='lat' dir='ltr'>Calendae</span> <span class='ocrx_word' id='word_1_156' title='bbox 1301 1281 1375 1320; x_wconf 81' lang='lat' dir='ltr'>Ja-</span> 
     </span>
     <span class='ocr_line' id='line_1_23' title="bbox 258 1335 1376 1389; baseline 0.001 -16"><span class='ocrx_word' id='word_1_157' title='bbox 258 1337 426 1375; x_wconf 80' lang='lat' dir='ltr'>nuariae:</span> <span class='ocrx_word' id='word_1_158' title='bbox 457 1337 630 1389; x_wconf 86' lang='lat' dir='ltr'>cogimur</span> <span class='ocrx_word' id='word_1_159' title='bbox 659 1338 700 1376; x_wconf 90' lang='lat' dir='ltr'>in</span> <span class='ocrx_word' id='word_1_160' title='bbox 729 1345 932 1376; x_wconf 85' lang='lat' dir='ltr'>senatum:</span> <span class='ocrx_word' id='word_1_161' title='bbox 963 1337 1133 1376; x_wconf 88' lang='lat' dir='ltr'>invectus</span> <span class='ocrx_word' id='word_1_162' title='bbox 1162 1342 1218 1374; x_wconf 88' lang='lat' dir='ltr'>est</span> <span class='ocrx_word' id='word_1_163' title='bbox 1247 1335 1376 1387; x_wconf 84' lang='lat' dir='ltr'>copio-</span> 
     </span>
     <span class='ocr_line' id='line_1_24' title="bbox 261 1369 1376 1443; baseline -0.001 -14"><span class='ocrx_word' id='word_1_164' title='bbox 261 1390 339 1429; x_wconf 90' lang='lat' dir='ltr'>sius</span> <span class='ocrx_word' id='word_1_165' title='bbox 370 1369 526 1429; x_wconf 69' lang='lat' dir='ltr'>multon</span> <span class='ocrx_word' id='word_1_166' title='bbox 522 1392 563 1429; x_wconf 83' lang='lat' dir='ltr'>in</span> <span class='ocrx_word' id='word_1_167' title='bbox 593 1392 712 1430; x_wconf 92' lang='lat' dir='ltr'>istum</span> <span class='ocrx_word' id='word_1_168' title='bbox 742 1399 778 1430; x_wconf 87' lang='lat' dir='ltr'>et</span> <span class='ocrx_word' id='word_1_169' title='bbox 807 1391 977 1443; x_wconf 88' lang='lat' dir='ltr'>paratius</span> <span class='ocrx_word' id='word_1_170' title='bbox 1005 1391 1223 1438; x_wconf 86' lang='lat' dir='ltr'>Dolabella,</span> <span class='ocrx_word' id='word_1_171' title='bbox 1256 1402 1376 1441; x_wconf 84' lang='lat' dir='ltr'>quam</span> 
     </span>
     <span class='ocr_line' id='line_1_25' title="bbox 261 1443 1319 1497; baseline 0 -15"><span class='ocrx_word' id='word_1_172' title='bbox 261 1456 366 1484; x_wconf 86' lang='lat' dir='ltr'>nunc</span> <span class='ocrx_word' id='word_1_173' title='bbox 384 1458 466 1496; x_wconf 88' lang='lat' dir='ltr'>ego.</span> <span class='ocrx_word' id='word_1_174' title='bbox 495 1445 574 1484; x_wconf 88' lang='lat' dir='ltr'>Hic</span> <span class='ocrx_word' id='word_1_175' title='bbox 592 1452 722 1483; x_wconf 85' lang='lat' dir='ltr'>autem</span> <span class='ocrx_word' id='word_1_176' title='bbox 740 1445 859 1483; x_wconf 89' lang='lat' dir='ltr'>iratus</span> <span class='ocrx_word' id='word_1_177' title='bbox 877 1459 964 1497; x_wconf 84' lang='lat' dir='ltr'>quae</span> <span class='ocrx_word' id='word_1_178' title='bbox 982 1444 1094 1494; x_wconf 77' lang='lat' dir='ltr'>dixit,</span> <span class='ocrx_word' id='word_1_179' title='bbox 1114 1444 1185 1482; x_wconf 85' lang='lat' dir='ltr'>Dii</span> <span class='ocrx_word' id='word_1_180' title='bbox 1201 1443 1319 1482; x_wconf 76' lang='lat' dir='ltr'>boni!</span> 
     </span>
    </p>

    <p class='ocr_par' dir='ltr' id='par_1_5' title="bbox 260 1497 1382 2249">
     <span class='ocr_line' id='line_1_26' title="bbox 317 1497 1377 1549; baseline -0.001 -13"><span class='ocrx_word' id='word_1_181' title='bbox 317 1499 511 1548; x_wconf 87' lang='lat' dir='ltr'>Primum,</span> <span class='ocrx_word' id='word_1_182' title='bbox 542 1513 632 1538; x_wconf 90' lang='lat' dir='ltr'>cum</span> <span class='ocrx_word' id='word_1_183' title='bbox 655 1499 783 1538; x_wconf 81' lang='lat' dir='ltr'>Caesar</span> <span class='ocrx_word' id='word_1_184' title='bbox 807 1499 1044 1547; x_wconf 85' lang='lat' dir='ltr'>ostendisset,</span> <span class='ocrx_word' id='word_1_185' title='bbox 1071 1511 1124 1547; x_wconf 87' lang='lat' dir='ltr'>se,</span> <span class='ocrx_word' id='word_1_186' title='bbox 1150 1497 1377 1549; x_wconf 81' lang='lat' dir='ltr'>priusquam</span> 
     </span>
     <span class='ocr_line' id='line_1_27' title="bbox 260 1553 1375 1603; baseline 0 -14"><span class='ocrx_word' id='word_1_187' title='bbox 260 1553 570 1603; x_wconf 87' lang='lat' dir='ltr'>proficisceretur,</span> <span class='ocrx_word' id='word_1_188' title='bbox 584 1553 828 1592; x_wconf 85' lang='lat' dir='ltr'>Dolabellam</span> <span class='ocrx_word' id='word_1_189' title='bbox 844 1553 1039 1591; x_wconf 89' lang='lat' dir='ltr'>consulem</span> <span class='ocrx_word' id='word_1_190' title='bbox 1053 1565 1132 1591; x_wconf 92' lang='lat' dir='ltr'>esse</span> <span class='ocrx_word' id='word_1_191' title='bbox 1145 1554 1348 1601; x_wconf 86' lang='lat' dir='ltr'>jussurum</span> <span class='ocrx_word' id='word_1_192' title='bbox 1361 1563 1375 1596; x_wconf 69' lang='grc' dir='ltr'><strong>ς</strong></span> 
     </span>
     <span class='ocr_line' id='line_1_28' title="bbox 260 1603 1379 1658; baseline -0.002 -14"><span class='ocrx_word' id='word_1_193' title='bbox 260 1610 397 1657; x_wconf 78' lang='lat' dir='ltr'>(quem</span> <span class='ocrx_word' id='word_1_194' title='bbox 416 1615 557 1658; x_wconf 87' lang='lat' dir='ltr'>negant</span> <span class='ocrx_word' id='word_1_195' title='bbox 573 1620 716 1658; x_wconf 90' lang='lat' dir='ltr'>regem,</span> <span class='ocrx_word' id='word_1_196' title='bbox 730 1607 798 1658; x_wconf 89' lang='lat' dir='ltr'>qui</span> <span class='ocrx_word' id='word_1_197' title='bbox 816 1614 853 1645; x_wconf 90' lang='lat' dir='ltr'>et</span> <span class='ocrx_word' id='word_1_198' title='bbox 871 1607 1009 1645; x_wconf 86' lang='lat' dir='ltr'>faceret</span> <span class='ocrx_word' id='word_1_199' title='bbox 1021 1618 1168 1657; x_wconf 90' lang='lat' dir='ltr'>semper</span> <span class='ocrx_word' id='word_1_200' title='bbox 1187 1603 1379 1655; x_wconf 86' lang='lat' dir='ltr'>ejusmodi</span> 
     </span>
     <span class='ocr_line' id='line_1_29' title="bbox 262 1659 1378 1711; baseline 0.001 -14"><span class='ocrx_word' id='word_1_201' title='bbox 262 1660 424 1711; x_wconf 87' lang='lat' dir='ltr'>aliquid,</span> <span class='ocrx_word' id='word_1_202' title='bbox 444 1670 482 1699; x_wconf 90' lang='lat' dir='ltr'>et</span> <span class='ocrx_word' id='word_1_203' title='bbox 499 1661 653 1709; x_wconf 88' lang='lat' dir='ltr'>diceret)</span> <span class='ocrx_word' id='word_1_204' title='bbox 673 1661 737 1699; x_wconf 91' lang='lat' dir='ltr'>sed</span> <span class='ocrx_word' id='word_1_205' title='bbox 757 1673 845 1699; x_wconf 92' lang='lat' dir='ltr'>cum</span> <span class='ocrx_word' id='word_1_206' title='bbox 864 1661 992 1699; x_wconf 84' lang='lat' dir='ltr'>Caesar</span> <span class='ocrx_word' id='word_1_207' title='bbox 1009 1660 1064 1698; x_wconf 90' lang='lat' dir='ltr'>ita</span> <span class='ocrx_word' id='word_1_208' title='bbox 1082 1659 1262 1704; x_wconf 56' lang='lat' dir='ltr'>dixissem</span> <span class='ocrx_word' id='word_1_209' title='bbox 1291 1664 1378 1698; x_wconf 87' lang='lat' dir='ltr'>tum</span> 
     </span>
     <span class='ocr_line' id='line_1_30' title="bbox 261 1712 1380 1765; baseline -0.002 -14"><span class='ocrx_word' id='word_1_210' title='bbox 261 1713 324 1752; x_wconf 90' lang='lat' dir='ltr'>hic</span> <span class='ocrx_word' id='word_1_211' title='bbox 355 1716 478 1752; x_wconf 88' lang='lat' dir='ltr'>bonus</span> <span class='ocrx_word' id='word_1_212' title='bbox 508 1728 645 1765; x_wconf 89' lang='lat' dir='ltr'>augur,</span> <span class='ocrx_word' id='word_1_213' title='bbox 676 1727 720 1753; x_wconf 91' lang='lat' dir='ltr'>eo</span> <span class='ocrx_word' id='word_1_214' title='bbox 751 1727 790 1753; x_wconf 90' lang='lat' dir='ltr'>se</span> <span class='ocrx_word' id='word_1_215' title='bbox 823 1713 1028 1752; x_wconf 88' lang='lat' dir='ltr'>sacerdotio</span> <span class='ocrx_word' id='word_1_216' title='bbox 1061 1712 1267 1764; x_wconf 83' lang='lat' dir='ltr'>praeditum</span> <span class='ocrx_word' id='word_1_217' title='bbox 1300 1723 1380 1750; x_wconf 88' lang='lat' dir='ltr'>esse</span> 
     </span>
     <span class='ocr_line' id='line_1_31' title="bbox 263 1765 1380 1820; baseline -0.002 -16"><span class='ocrx_word' id='word_1_218' title='bbox 263 1767 376 1815; x_wconf 84' lang='lat' dir='ltr'>dixit,</span> <span class='ocrx_word' id='word_1_219' title='bbox 407 1775 451 1806; x_wconf 89' lang='lat' dir='ltr'>ut</span> <span class='ocrx_word' id='word_1_220' title='bbox 481 1768 634 1806; x_wconf 86' lang='lat' dir='ltr'>comitia</span> <span class='ocrx_word' id='word_1_221' title='bbox 662 1768 839 1820; x_wconf 87' lang='lat' dir='ltr'>auspiciis</span> <span class='ocrx_word' id='word_1_222' title='bbox 863 1768 923 1807; x_wconf 90' lang='lat' dir='ltr'>vel</span> <span class='ocrx_word' id='word_1_223' title='bbox 946 1767 1130 1818; x_wconf 89' lang='lat' dir='ltr'>impedire</span> <span class='ocrx_word' id='word_1_224' title='bbox 1162 1766 1223 1804; x_wconf 90' lang='lat' dir='ltr'>vel</span> <span class='ocrx_word' id='word_1_225' title='bbox 1247 1765 1380 1803; x_wconf 83' lang='lat' dir='ltr'>vitiare</span> 
     </span>
     <span class='ocr_line' id='line_1_32' title="bbox 264 1820 1380 1873; baseline -0.003 -14"><span class='ocrx_word' id='word_1_226' title='bbox 264 1829 416 1872; x_wconf 85' lang='lat' dir='ltr'>posset:</span> <span class='ocrx_word' id='word_1_227' title='bbox 446 1821 562 1873; x_wconf 91' lang='lat' dir='ltr'>idque</span> <span class='ocrx_word' id='word_1_228' title='bbox 588 1835 628 1867; x_wconf 84' lang='lat' dir='ltr'>se</span> <span class='ocrx_word' id='word_1_229' title='bbox 651 1822 844 1860; x_wconf 73' lang='lat' dir='ltr'>facturum</span> <span class='ocrx_word' id='word_1_230' title='bbox 869 1834 948 1860; x_wconf 87' lang='lat' dir='ltr'>esse</span> <span class='ocrx_word' id='word_1_231' title='bbox 966 1820 1202 1859; x_wconf 82' lang='lat' dir='ltr'>asseveravit.</span> <span class='ocrx_word' id='word_1_232' title='bbox 1233 1820 1282 1858; x_wconf 91' lang='lat' dir='ltr'>In</span> <span class='ocrx_word' id='word_1_233' title='bbox 1300 1831 1380 1870; x_wconf 92' lang='lat' dir='ltr'>quo</span> 
     </span>
     <span class='ocr_line' id='line_1_33' title="bbox 262 1873 1379 1927; baseline -0.002 -15"><span class='ocrx_word' id='word_1_234' title='bbox 262 1875 435 1925; x_wconf 87' lang='lat' dir='ltr'>primum</span> <span class='ocrx_word' id='word_1_235' title='bbox 461 1875 722 1914; x_wconf 89' lang='lat' dir='ltr'>incredibilem</span> <span class='ocrx_word' id='word_1_236' title='bbox 741 1876 1003 1927; x_wconf 84' lang='lat' dir='ltr'>stupiditatem</span> <span class='ocrx_word' id='word_1_237' title='bbox 1024 1873 1191 1912; x_wconf 91' lang='lat' dir='ltr'>hominis</span> <span class='ocrx_word' id='word_1_238' title='bbox 1220 1885 1379 1923; x_wconf 88' lang='lat' dir='ltr'>cognos-</span> 
     </span>
     <span class='ocr_line' id='line_1_34' title="bbox 261 1926 1379 1981; baseline -0.003 -15"><span class='ocrx_word' id='word_1_239' title='bbox 261 1929 346 1967; x_wconf 85' lang='lat' dir='ltr'>cite.</span> <span class='ocrx_word' id='word_1_240' title='bbox 386 1929 495 1977; x_wconf 88' lang='lat' dir='ltr'>Quid</span> <span class='ocrx_word' id='word_1_241' title='bbox 513 1929 639 1968; x_wconf 90' lang='lat' dir='ltr'>enim.</span> <span class='ocrx_word' id='word_1_242' title='bbox 628 1929 646 1956; x_wconf 71' lang='lat'>‘³</span> <span class='ocrx_word' id='word_1_243' title='bbox 674 1930 785 1978; x_wconf 88' lang='lat' dir='ltr'>istuc,</span> <span class='ocrx_word' id='word_1_244' title='bbox 806 1929 910 1981; x_wconf 89' lang='lat' dir='ltr'>quod</span> <span class='ocrx_word' id='word_1_245' title='bbox 932 1936 970 1966; x_wconf 88' lang='lat' dir='ltr'>te</span> <span class='ocrx_word' id='word_1_246' title='bbox 989 1928 1186 1967; x_wconf 86' lang='lat' dir='ltr'>sacerdotii</span> <span class='ocrx_word' id='word_1_247' title='bbox 1207 1928 1294 1976; x_wconf 91' lang='lat' dir='ltr'>jure</span> <span class='ocrx_word' id='word_1_248' title='bbox 1319 1926 1379 1964; x_wconf 87' lang='lat' dir='ltr'>fa-</span> 
     </span>
     <span class='ocr_line' id='line_1_35' title="bbox 261 1981 1379 2034; baseline -0.003 -14"><span class='ocrx_word' id='word_1_249' title='bbox 261 1995 346 2022; x_wconf 83' lang='lat' dir='ltr'>cere</span> <span class='ocrx_word' id='word_1_250' title='bbox 363 1996 472 2034; x_wconf 89' lang='lat' dir='ltr'>posse</span> <span class='ocrx_word' id='word_1_251' title='bbox 489 1983 633 2030; x_wconf 85' lang='lat' dir='ltr'>dixisti,</span> <span class='ocrx_word' id='word_1_252' title='bbox 653 1983 685 2020; x_wconf 92' lang='lat' dir='ltr'>si</span> <span class='ocrx_word' id='word_1_253' title='bbox 703 1996 826 2034; x_wconf 88' lang='lat' dir='ltr'>augur</span> <span class='ocrx_word' id='word_1_254' title='bbox 840 1995 918 2020; x_wconf 90' lang='lat' dir='ltr'>non</span> <span class='ocrx_word' id='word_1_255' title='bbox 936 1995 1047 2030; x_wconf 90' lang='lat' dir='ltr'>esses,</span> <span class='ocrx_word' id='word_1_256' title='bbox 1064 1989 1102 2020; x_wconf 86' lang='lat' dir='ltr'>et</span> <span class='ocrx_word' id='word_1_257' title='bbox 1120 1981 1251 2019; x_wconf 83' lang='lat' dir='ltr'>consul</span> <span class='ocrx_word' id='word_1_258' title='bbox 1265 1991 1379 2026; x_wconf 85' lang='lat' dir='ltr'>esses,</span> 
     </span>
     <span class='ocr_line' id='line_1_36' title="bbox 262 2015 1377 2098; baseline -0.002 -25"><span class='ocrx_word' id='word_1_259' title='bbox 262 2036 392 2075; x_wconf 87' lang='lat' dir='ltr'>minus</span> <span class='ocrx_word' id='word_1_260' title='bbox 421 2036 542 2075; x_wconf 86' lang='lat' dir='ltr'>facere</span> <span class='ocrx_word' id='word_1_261' title='bbox 571 2015 786 2098; x_wconf 55' lang='lat' dir='ltr'>potuisseso.</span> <span class='ocrx_word' id='word_1_262' title='bbox 777 2040 793 2062; x_wconf 68' lang='lat'><strong>⁹</strong></span> <span class='ocrx_word' id='word_1_263' title='bbox 833 2036 949 2084; x_wconf 85' lang='lat' dir='ltr'>Vide,</span> <span class='ocrx_word' id='word_1_264' title='bbox 976 2048 1024 2075; x_wconf 90' lang='lat' dir='ltr'>ne</span> <span class='ocrx_word' id='word_1_265' title='bbox 1056 2035 1169 2074; x_wconf 84' lang='lat' dir='ltr'>etiam</span> <span class='ocrx_word' id='word_1_266' title='bbox 1202 2033 1377 2073; x_wconf 85' lang='lat' dir='ltr'>facilius.</span> 
     </span>
     <span class='ocr_line' id='line_1_37' title="bbox 261 2087 1380 2133; baseline -0.003 -6"><span class='ocrx_word' id='word_1_267' title='bbox 261 2101 330 2128; x_wconf 88' lang='lat' dir='ltr'>nos</span> <span class='ocrx_word' id='word_1_268' title='bbox 349 2091 451 2128; x_wconf 86' lang='lat' dir='ltr'>enim</span> <span class='ocrx_word' id='word_1_269' title='bbox 470 2091 748 2129; x_wconf 88' lang='lat' dir='ltr'>nuntiationem</span> <span class='ocrx_word' id='word_1_270' title='bbox 767 2090 891 2130; x_wconf 90' lang='lat' dir='ltr'>solum</span> <span class='ocrx_word' id='word_1_271' title='bbox 911 2090 1123 2133; x_wconf 78' lang='lat' dir='ltr'>habemus3</span> <span class='ocrx_word' id='word_1_272' title='bbox 1153 2087 1324 2127; x_wconf 62' lang='lat' dir='ltr'>consules</span> <span class='ocrx_word' id='word_1_273' title='bbox 1342 2093 1380 2124; x_wconf 87' lang='lat' dir='ltr'>et</span> 
     </span>
     <span class='ocr_line' id='line_1_38' title="bbox 260 2140 1382 2204; baseline -0.004 -22"><span class='ocrx_word' id='word_1_274' title='bbox 260 2143 400 2204; x_wconf 83' lang='lat' dir='ltr'>reliqui</span> <span class='ocrx_word' id='word_1_275' title='bbox 417 2144 661 2196; x_wconf 87' lang='lat' dir='ltr'>magistratus</span> <span class='ocrx_word' id='word_1_276' title='bbox 674 2145 789 2183; x_wconf 88' lang='lat' dir='ltr'>etiam</span> <span class='ocrx_word' id='word_1_277' title='bbox 809 2144 1052 2196; x_wconf 86' lang='lat' dir='ltr'>spectionem.</span> <span class='ocrx_word' id='word_1_278' title='bbox 1082 2142 1194 2190; x_wconf 86' lang='lat' dir='ltr'>Esto,</span> <span class='ocrx_word' id='word_1_279' title='bbox 1209 2142 1281 2180; x_wconf 90' lang='lat' dir='ltr'>hoc</span> <span class='ocrx_word' id='word_1_280' title='bbox 1306 2140 1382 2178; x_wconf 91' lang='lat' dir='ltr'>im-</span> 
     </span>
     <span class='ocr_line' id='line_1_39' title="bbox 263 2192 1380 2249; baseline -0.004 -12"><span class='ocrx_word' id='word_1_281' title='bbox 263 2198 411 2248; x_wconf 84' lang='lat' dir='ltr'>perite:</span> <span class='ocrx_word' id='word_1_282' title='bbox 441 2211 511 2237; x_wconf 86' lang='lat' dir='ltr'>nec</span> <span class='ocrx_word' id='word_1_283' title='bbox 537 2198 641 2237; x_wconf 89' lang='lat' dir='ltr'>enim</span> <span class='ocrx_word' id='word_1_284' title='bbox 671 2206 728 2237; x_wconf 54' lang='grc' dir='ltr'>δι</span> <span class='ocrx_word' id='word_1_285' title='bbox 759 2199 807 2237; x_wconf 89' lang='lat' dir='ltr'>ab</span> <span class='ocrx_word' id='word_1_286' title='bbox 839 2197 996 2237; x_wconf 88' lang='lat' dir='ltr'>homine</span> <span class='ocrx_word' id='word_1_287' title='bbox 1019 2209 1221 2249; x_wconf 84' lang='lat' dir='ltr'>nunquam</span> <span class='ocrx_word' id='word_1_288' title='bbox 1253 2192 1380 2233; x_wconf 85' lang='lat' dir='ltr'>sobrio</span> 
     </span>
    </p>
   </div>
  </div>
 </body>
</html>
