1509 2397
577 465 807 508 ORATIO
837 464 998 505 XLIX.

482 675 554 723 IN
606 675 680 723 M.
720 674 1090 725 ANTONIUM

570 797 800 847 Philippica
820 798 1010 848 Septima.

719 927 869 953 -φ-

567 1045 865 1086 ARGUMEN
868 1046 1014 1087 TUM.

226 1171 337 1212 CUM
347 1179 499 1211 senatus
512 1172 558 1211 de
565 1172 700 1224 Appia
708 1172 772 1211 νὶἓ,
782 1179 818 1211 et
832 1173 880 1211 de
887 1172 1238 1212 Monetaaconsme
1245 1174 1351 1212 Pam

226 1226 282 1274 sa,
292 1226 339 1265 de
348 1226 533 1278 Lupercis
545 1236 674 1265 autem
686 1241 709 1265 a
721 1227 875 1266 tribuno
887 1227 1022 1278 plebis,
1033 1227 1228 1266 consultus
1236 1236 1345 1277 esset,

228 1280 376 1328 Cicero,
397 1294 566 1332 egressus
584 1282 821 1330 relationem,
836 1289 965 1319 contra
984 1294 1047 1319 eos
1060 1281 1183 1320 dicere
1194 1295 1348 1333 aggres-

226 1347 290 1374 sus
305 1342 374 1381 est,
390 1335 459 1386 qui
476 1335 517 1373 in
532 1336 711 1373 omnibus
723 1336 961 1373 sermonibus
971 1348 1105 1386 pacem
1119 1335 1344 1384 laudabant,

226 1396 264 1427 et
281 1389 382 1427 bello
400 1391 694 1440 anteponebant,
710 1402 753 1427 eo
771 1389 940 1438 oonsilio,
956 1396 1001 1427 ut
1019 1389 1050 1428 si
1062 1393 1167 1441 (quae
1185 1390 1349 1442 suspicio

225 1449 321 1490 erat)
341 1443 457 1494 paulo
475 1443 629 1482 duriora
646 1456 802 1495 respons
803 1457 826 1482 a
844 1444 1026 1482 referrent
1044 1445 1092 1482 ab
1105 1443 1347 1483 Antoniole-

225 1496 319 1558 gati,
339 1497 472 1536 mitius
491 1498 773 1549 acciperentur3
803 1510 943 1549 eosque
960 1504 1124 1545 accusat,
1145 1505 1347 1549 tamquam

225 1550 387 1589 minime
417 1552 637 1603 populares,
667 1558 703 1590 et
726 1551 826 1590 hosti
850 1551 994 1613 pau-iae·
1005 1551 1186 1590 faventes.
1216 1552 1347 1603 Negat

225 1611 356 1643 autem
374 1605 421 1644 de
439 1619 531 1657 pace
550 1619 630 1645 esse
648 1605 909 1656 cogitandum,
929 1605 1022 1658 quia
1038 1618 1117 1644 non
1130 1605 1246 1644 modo
1263 1612 1347 1644 tur·

223 1658 283 1709 pis
301 1658 349 1697 sit
367 1666 404 1698 et
422 1660 645 1710 periculosa,
673 1660 739 1698 sed
757 1660 872 1698 etiam
890 1660 1005 1711 plane
1022 1672 1099 1698 non
1117 1660 1236 1710 possit
1255 1672 1345 1699 esse.

225 1712 405 1764 Denique
422 1713 595 1752 hortatur
609 1714 819 1762 consulem,
839 1714 1138 1765 universumque
1152 1721 1342 1764 senatum,

223 1772 268 1807 ut
296 1767 514 1818 reipublicae
544 1769 706 1806 salutem
734 1768 915 1806 omnibus
941 1769 1054 1806 rebus
1085 1774 1342 1819 anteponant,
1329 1782 1342 1793 ·

222 1831 348 1871 neque
366 1821 599 1869 Antonium,
620 1834 738 1874 quem
762 1822 956 1860 inclusum
979 1828 1016 1859 et
1039 1834 1148 1873 paene
1166 1821 1345 1860 constric-

223 1880 309 1915 tum
324 1881 490 1924 teneant,
513 1875 611 1914 elabi
633 1889 654 1914 e
678 1876 856 1914 manibus
875 1876 1084 1927 patiantur,
1106 1876 1170 1914 sed
1188 1888 1345 1928 rempu-

223 1927 393 1968 blicam
382 1941 423 1968 m
441 1937 673 1983 perpetuum
690 1937 797 1970 metu
816 1936 854 1970 et
871 1929 1040 1982 periculo
1057 1930 1232 1970 liberent.
