1509 2397
276 111 612 153 PHILIPPICA
644 112 718 153 IX.
748 113 854 153 Cn.
886 115 922 158 7.
1102 115 1181 152 325

56 228 201 260 statuas
232 222 366 261 mult1s
408 222 670 272 decreverunt,
716 223 889 274 sepulcra
918 222 1062 274 paucis.
1107 222 1184 261 Sed

55 282 190 314 statuae
207 276 402 315 intereunt
418 285 660 329 tempestate,
675 277 729 324 vi,
745 285 932 315 vetustate
946 292 957 314 ε
988 277 1185 328 sepulcro-

54 342 145 368 rum
163 338 295 369 autem
315 331 492 370 sanctitas
511 332 551 370 in
577 331 662 383 ipso
682 332 762 369 solo
781 339 836 369 est
852 345 864 375 3
896 331 1000 383 quod
1019 331 1129 369 nulla
1147 331 1186 369 vi

54 384 201 422 moveri
219 398 344 437 neque
363 386 480 424 deleri
495 394 642 437 potest:
674 393 804 436 atque,
825 392 870 422 ut
889 394 1023 423 caetera
1042 385 1186 424 exstin-

53 446 243 489 guuntur,
263 440 316 478 sic
335 440 508 492 sepulcra
526 441 625 478 fiunt
645 440 846 487 sanctiora,
868 446 1068 477 vetustate.
1096 442 1186 479 Au-

52 500 187 543 geatur
205 493 324 544 igitur
341 494 416 533 isto
436 494 552 532 etiam
574 495 718 533 honore
737 494 770 532 is
788 493 860 541 vir,
882 493 945 531 cui
963 494 1096 532 nullus
1115 495 1186 532 ho-

52 558 124 585 nor
152 547 273 586 tribui
297 561 374 587 non
407 548 559 587 debitus
580 556 718 600 potest.
748 547 861 586 Grati
887 548 1005 586 simus
1032 547 1073 585 in
1103 550 1185 598 ejus

51 608 175 640 morte
194 602 424 651 decoranda,
445 603 508 642 cui
525 604 677 641 nullam
704 603 787 653 jam
806 602 922 640 aliam
940 601 1106 653 gratiam
1125 617 1183 641 re-

51 655 150 694 ferre
177 668 397 708 possumus.
428 657 596 695 Notetur
627 657 744 695 etiam
776 656 838 695 M.
863 656 1044 703 Antonii,
1076 657 1184 695 nefa-

51 709 156 748 rium
179 711 328 749 bellum
357 711 537 762 gerentis,
561 712 743 750 scelerata
765 710 935 749 audacia.
973 710 1049 749 His
1079 712 1183 749 enim

52 764 264 803 honoribus
289 766 432 804 habitis
454 766 535 804 Ser.
568 765 754 817 Sulpicio,
785 765 995 816 repudiatae
1016 765 1184 815 rejectae-

53 830 130 869 que
146 819 348 870 legationis
376 822 425 859 ab
444 820 621 858 Antonio
649 819 823 868 manebit
845 819 1060 858 testificatio
1084 832 1184 858 sem-—

50 872 213 925 piterna.

107 926 207 965 VII.
236 927 348 976 Quas
366 930 416 968 ob
438 941 513 976 res,
539 928 594 966 ita
620 940 778 967 censeo:
812 927 958 966 “Cum
985 928 1064 967 Ser.
1094 929 1184 968 Sul-

52 980 190 1033 picius,
208 982 260 1030 Q.
277 983 322 1020 F.
341 983 546 1030 Lemonia,
561 983 706 1029 Rufus,
719 982 946 1021 difficillimo
965 983 1184 1034 reipublicae

50 1043 275 1088 ternpore„³
252 1037 358 1075 oravi
371 1037 661 1089 periculosoque
673 1039 809 1075 morbo
825 1037 997 1081 affectus,
1019 1039 1184 1076 auctori-

52 1096 172 1128 tatem
192 1094 321 1129 senata
313 1104 360 1139 s,
381 1093 622 1153 salutemque
636 1091 871 1153 reipublicae,
892 1091 980 1130 vitae
995 1105 1074 1130 suae
1087 1106 1186 1144 prae-

52 1144 237 1196 posuerit,
272 1154 481 1198 contraque
502 1146 583 1184 vim
606 1146 911 1197 gravitatemque
936 1146 1063 1184 morbi
1094 1160 1184 1185 con-
1213 1152 1218 1157 ’

52 1199 232 1246 tenderit,
252 1207 297 1238 ut
315 1200 365 1238 ad
384 1208 506 1239 castra
523 1200 704 1247 Antonii,
725 1213 802 1262 quo
822 1208 975 1238 senatus
994 1213 1084 1239 eum
1109 1201 1184 1239 nii-

53 1260 166 1301 serat,
187 1253 429 1306 perveniret·
458 1255 582 1306 isque,
609 1267 700 1293 cum
726 1256 811 1304 jam
835 1267 966 1315 prope
981 1262 1100 1292 castra
1119 1269 1184 1293 ve-

53 1307 184 1356 nisset,
201 1307 239 1346 vi
256 1308 383 1347 morbi
397 1322 615 1361 oppressus,
632 1308 753 1346 vitam
769 1309 938 1346 amiserit
955 1308 995 1346 in
1011 1309 1185 1348 maximo

55 1361 276 1413 reipublicae
301 1375 488 1408 munere;
512 1364 672 1414 ejusque
694 1375 798 1400 mors
823 1371 1076 1400 consentanea
1098 1363 1187 1402 vitae

53 1415 183 1465 fuerit,
199 1417 434 1456 sanctissime
448 1417 788 1468 honestissimeque
808 1424 914 1462 actae,
930 1417 971 1454 in
991 1431 1069 1468 qua
1085 1431 1184 1469 saepe

54 1482 198 1522 magno
212 1471 300 1509 usui
318 1472 539 1523 reipublicae
559 1472 639 1510 Ser.
659 1470 867 1522 Sulpicius,
889 1479 925 1509 et
943 1471 1129 1523 privatus,
1147 1479 1185 1510 et

55 1524 97 1563 in
112 1525 417 1577 magistratibus,
441 1526 582 1570 fuerit;
613 1538 703 1564 cum
718 1525 804 1563 talis
817 1525 888 1573 vir,
906 1527 954 1564 ob
970 1527 1183 1577 rempubli-

54 1592 140 1618 cam
168 1580 210 1617 in
239 1580 429 1631 legatione
455 1587 622 1618 mortem
651 1579 810 1624 obierit3
842 1580 991 1618 senatui
1019 1580 1184 1631 placere,

53 1634 134 1673 Ser.
163 1634 336 1686 Sulpicio
358 1642 526 1673 statuam
554 1634 770 1701 pedestrem
797 1646 944 1672 aeneam
972 1634 1011 1672 in
1033 1634 1185 1673 Rostris

54 1700 104 1727 ex
135 1688 254 1738 hujus
285 1688 429 1727 ordinis
459 1689 647 1727 sententia
677 1688 808 1734 statui,
844 1688 1064 1740 circumque
1097 1702 1183 1727 eam

55 1748 225 1781 statuam
242 1743 372 1781 locum
395 1743 672 1795 gladiatoribus
692 1741 911 1794 [ludisque]
939 1742 1077 1781 liberos
1096 1756 1184 1796 pos-

55 1803 233 1848 terosque
253 1797 336 1847 ejus
354 1811 511 1850 quoquo
537 1810 666 1836 versus
684 1796 801 1848 pedes
827 1797 999 1848 quinque
1026 1797 1182 1844 habere,

59 1849 214 1903 [quod
204 1864 236 1889 is
261 1853 310 1889 ob
330 1851 610 1904 rempublicam
635 1858 800 1889 mortem
819 1851 990 1903 obierit,]
1022 1864 1185 1903 eamque

55 1918 212 1944 causam
237 1904 278 1943 in
300 1905 384 1945 basi
401 1906 581 1945 inscribi·
611 1905 747 1957 utique
772 1905 817 1944 C.
841 1906 983 1952 Pansa,
1012 1905 1066 1944 A.
1089 1906 1185 1944 Hir-

54 1958 146 2007 tius,
167 1960 354 2008 consules,
375 1961 470 1998 alter
488 1962 665 2008 ambove,
690 1959 722 1997 si
741 1959 793 1998 eis
812 1959 999 2007 videatur,
1021 1973 1125 2011 quaes
1127 1967 1188 1998 to-

54 2013 162 2052 ribus
190 2014 348 2053 urbanis
369 2014 576 2066 imperent,
602 2022 647 2052 ut
675 2026 761 2052 eam
790 2013 916 2052 basim
942 2021 1186 2066 statuamque

55 2066 286 2115 faciendam,
299 2068 390 2107 etin
411 2069 562 2108 Rostris
575 2067 835 2115 statuendam,
855 2068 982 2106 locent
998 2081 1009 2113 3
1031 2068 1187 2119 quanti-

55 2134 134 2172 que
168 2123 392 2172 locaverint,
426 2130 575 2162 tantam
606 2122 812 2174 pecuniam
841 2121 1046 2160 redemtori
1078 2122 1188 2161 attri-

55 2176 251 2214 buendam
274 2177 578 2230 solvendamque
608 2184 753 2216 curent.
783 2176 965 2227 Cumque
990 2183 1103 2215 antea
1129 2178 1187 2215 se-

57 2236 172 2268 natus
190 2231 453 2270 auctoritatem
479 2245 606 2278 suam,
633 2231 673 2268 in
693 2231 863 2269 virorum
887 2230 1045 2269 fortium
1076 2230 1190 2269 fune-

113 2285 265 2331 (Orat.)
286 2296 392 2324 vor..
416 2296 478 2323 lv.
837 2286 862 2322 2
884 2295 912 2321 r
