1509 2397
368 93 482 132 PRO
512 93 761 133 MILONE.
793 93 900 133 CAP.
930 96 996 133 33.
1166 97 1239 134 113

115 207 188 244 bus
205 204 438 243 redemerat:
470 204 628 242 vexarat
644 205 686 242 in
704 205 901 243 tribunatu
920 212 1121 243 senatum:
1151 218 1235 244 om-

114 259 224 296 nium
242 258 422 296 ordinum
445 271 629 297 consensu
648 271 718 310 pro
743 259 865 297 salute
892 258 1111 310 reipublicae
1128 266 1236 310 gesta

114 312 338 351 resciderat:
368 325 431 350 me
454 312 579 363 patria
608 313 829 363 expulerat3
871 313 972 350 bona
996 312 1232 364 diripuerat3

111 366 272 404 domum
290 366 530 410 incenderat3
560 367 711 413 liberos,
732 368 936 416 conjugem
955 379 1096 409 meam,
1118 380 1233 405 vexa-

115 427 242 459 verat:
274 420 347 458 Cn.
386 419 572 471 Pompeio
604 420 794 458 nefarium
830 421 978 458 bellum
1017 420 1230 459 indixerat:

114 474 411 525 magistratuum
425 474 738 525 privatorumque
756 474 875 512 caedes
889 474 1052 512 fecerat:
1073 475 1234 513 domum

114 528 193 566 mei
214 528 341 566 fratris
370 527 589 566 incenderat
606 542 616 566 :
647 528 814 566 vastarat
832 528 1056 566 Etruriam:
1090 529 1234 568 multos

115 581 266 620 sedibus
291 595 334 620 ac
352 581 515 620 fortunis
540 583 709 632 ejecerat.
739 582 930 631 Instabat,
955 584 1138 633 urgebat:
1171 596 1234 621 cam

113 648 204 687 pere
222 637 304 685 ejus
323 636 531 674 amentiam
550 636 694 685 civitas,
716 636 843 683 Italia,
863 636 1080 688 provinciae,
1100 649 1232 688 regna,

113 701 192 728 non
205 697 391 741 poterant.
421 690 696 729 Incidebantur
710 691 793 740 jam
807 691 913 728 domi
923 691 1039 741 leges,
1060 704 1147 742 quae
1166 704 1235 729 nos

114 743 252 782 nostris
267 744 382 783 servis
401 744 639 782 addicerent:
670 744 768 782 nihil
779 751 859 782 erat
870 745 1114 796 cujusquam,
1131 744 1234 796 quod

115 797 275 849 quidem
292 798 358 836 ille
375 798 603 843 adamasset,
619 798 723 850 quod
736 811 814 836 non
828 799 900 837 hoc
912 811 1012 836 anno
1024 811 1140 837 suum
1154 800 1235 837 fore

113 859 277 903 putaret.
307 851 500 891 Obstabat
527 853 610 901 ejus
632 852 923 913 cogitationibus
947 865 1076 901 nemo,
1099 859 1239 904 praeter

113 905 319 944 Milonem.
349 907 488 958 Ipsum
516 906 644 954 illum,
679 906 748 957 qui
775 914 924 958 poterat
945 908 1108 954 obstare,
1134 919 1234 945 novo

112 959 260 998 reditu
248 972 290 997 m
308 960 473 1011 gratiam
488 960 598 1011 quasi
612 960 832 998 devinctum
847 960 1127 999 arbitrabatur·
1149 960 1234 999 Cae-

113 1013 206 1052 saris
223 1013 435 1075 potentiam
454 1027 566 1052 suam
586 1027 666 1053 esse
679 1014 854 1053 dicebat:
884 1016 1074 1052 bonorum
1086 1014 1236 1053 animos

113 1067 229 1106 etiam
247 1068 289 1106 in
306 1081 394 1106 meo
412 1081 498 1107 casu
519 1076 792 1107 contemserat:
823 1068 926 1106 Milo
940 1080 1041 1107 unus
1060 1070 1234 1119 urgebat.

168 1122 383 1160 XXXIII.
413 1122 493 1161 Hic
525 1122 596 1160 Dii
631 1122 867 1161 immortales
899 1125 960 1165 (ut
989 1136 1105 1174 supra
1135 1122 1235 1171 (1131)

113 1183 285 1215 mentem
303 1176 491 1215 dederunt
507 1177 567 1214 illi
579 1177 727 1228 perdito
741 1190 785 1215 ac
802 1176 960 1226 furioso,
973 1185 1018 1215 ut
1031 1177 1123 1215 huic
1135 1176 1236 1215 face-

114 1238 173 1269 ret
190 1230 358 1269 insidias.
386 1231 515 1269 Aliter
526 1231 648 1282 perire
659 1231 775 1282 pestis
789 1231 857 1268 illa
867 1243 945 1268 non
962 1231 1112 1281 potuit:
1134 1243 1236 1269 nun-

115 1297 236 1336 quam
253 1284 366 1322 illum
385 1285 599 1336 respublica
620 1297 690 1323 suo
705 1286 791 1334 jure
816 1292 913 1323 esset
936 1285 1031 1322 ulta.
1072 1286 1237 1323 Senatus

117 1338 262 1385 (credo)
274 1346 476 1390 praetorem
491 1351 581 1377 eum
593 1338 956 1390 circumscripsisset.
987 1339 1030 1376 N
1031 1352 1064 1387 e,
1075 1351 1164 1377 cum
1179 1352 1239 1377 so-

116 1391 222 1430 lebat
239 1392 398 1444 quidem
416 1393 457 1431 id
473 1393 609 1440 facere,
629 1392 671 1430 in
684 1393 833 1444 privato
844 1392 977 1430 eodem
990 1392 1076 1438 hoc,
1090 1392 1239 1444 aliquid

116 1446 339 1498 profecerat.
371 1449 441 1485 An
459 1447 632 1485 consules
650 1447 691 1484 in
717 1455 878 1498 praetore
902 1446 1107 1485 coercendo
1125 1447 1241 1486 fortes

119 1500 308 1538 fuissent?
337 1500 532 1549 Primum,
572 1501 724 1539 Milone
755 1501 890 1548 occiso,
924 1500 1120 1539 habuisset
1151 1514 1240 1539 suos

119 1555 304 1593 consules.
344 1554 511 1601 Deinde,
539 1554 626 1606 quis
644 1555 685 1593 in
711 1567 755 1592 eo
780 1562 941 1606 praetore
968 1555 1102 1593 consul
1129 1555 1239 1593 fortis

120 1616 232 1656 esset,
252 1622 322 1660 per
340 1622 457 1660 quem
476 1609 692 1657 tribunum,
716 1609 843 1647 virum
858 1609 1094 1647 consularem
1109 1609 1242 1647 crude-

117 1662 263 1701 lissime
282 1670 464 1701 vexatum
483 1676 563 1701 esse
581 1663 817 1701 meminisset
830 1665 849 1701 ἶ)
876 1662 1139 1714 oppressisset
1157 1676 1242 1701 om-

119 1717 199 1765 nia,
232 1717 453 1768 possideret,
479 1724 637 1764 teneret,
662 1718 747 1768 lege
772 1716 886 1764 nova,
907 1731 994 1768 quae
1013 1726 1069 1754 est
1086 1717 1243 1758 inventa

120 1771 227 1822 apud
255 1784 345 1809 eum
376 1784 466 1810 cum
494 1771 651 1822 reliquis
681 1771 833 1822 legibus
865 1771 1085 1809 Clodianis·
1117 1785 1244 1812 servos

121 1832 267 1863 nostros
284 1825 440 1864 libertos
459 1838 548 1863 suos
562 1802 744 1864 fecisset-⁰
751 1826 965 1873 Postremo,
985 1824 1058 1862 nisi
1070 1839 1159 1863 eum
1175 1827 1246 1865 Dii

122 1878 387 1918 immortales
375 1892 417 1917 m
436 1892 521 1918 eam
540 1887 711 1918 mentem
725 1879 982 1930 impulissent,
1002 1886 1047 1917 ut
1060 1879 1178 1918 homo
1190 1882 1246 1919 ef-

121 1932 331 1972 feminatus
348 1933 600 1972 fortissimum
618 1934 744 1972 virum
760 1941 959 1972 conaretur
976 1932 1188 1983 0001ᾱο10,ἶ
1177 1948 1247 1995 ι10-

122 1986 185 2025 die
202 1987 482 2039 rempublicam
496 1988 647 2026 nullam
665 1987 866 2026 haberetis.

178 2041 249 2080 An
267 2042 333 2080 ille
351 2050 504 2104 praetor,
524 2042 590 2080 ille
609 2055 696 2080 vero
715 2042 862 2088 consul,
883 2041 1041 2079 simodo
1054 2041 1136 2081 haec
1149 2049 1248 2081 tem-

125 2094 192 2146 pla
217 2102 334 2147 atque
359 2096 443 2148 ipsa
461 2096 603 2134 moenia
621 2103 720 2135 stare
739 2109 782 2134 eo
806 2096 894 2134 vivo
912 2095 1076 2143 tamdiu,
1104 2104 1141 2135 et
1159 2110 1250 2135 con..

126 2149 295 2188 sulatum
307 2151 390 2199 ejus
401 2158 619 2202 exspectare
630 2149 855 2202 potuissent,
871 2149 936 2188 ille
948 2149 1112 2201 denique
1124 2150 1248 2199 vivus,

125 2202 222 2250 mali
239 2203 338 2243 nihil
357 2204 519 2254 fecisset,
539 2205 608 2257 qui
621 2212 811 2256 mortuus,
827 2216 906 2250 uno
918 2216 967 2241 ex
986 2204 1063 2243 suis
1082 2204 1252 2244 satelliti-

909 2269 936 2296 L
958 2258 983 2294 3
