1509 2397
265 83 345 128 274
528 81 870 123 PHILIPPICA
888 81 940 122 V.
961 81 1069 122 CAP.
1090 82 1129 120 8.

265 191 319 230 sic
343 191 448 229 enim
467 197 660 230 statuerat.
700 191 805 231 Cum
823 199 954 230 autem
972 192 1090 231 semel
1115 189 1291 242 gladium
1309 199 1390 230 soe·-

264 246 343 283 lere
361 245 575 294 imbuisset,
595 247 703 285 nulla
721 260 779 285 res
798 246 832 285 ei
850 246 968 285 finem
986 245 1169 294 caedendi,
1188 245 1263 284 nisi
1280 245 1388 284 defa-

265 300 400 350 tigatio
414 308 451 338 et
469 301 633 349 satietas,
647 301 846 339 attulisset.
875 300 1035 339 Etenim
1049 300 1178 338 aderat
1189 299 1239 338 L.
1254 299 1386 349 frater,

266 354 455 404 gladiator
476 355 686 403 Asiaticus,
708 356 775 407 qui
793 355 977 393 mirmillo
997 354 1161 406 Mylasis
1188 353 1388 406 depugna·

266 415 350 446 rat:
382 409 611 460 sanguinem
629 419 805 448 nostrum
833 409 996 458 sitiebat,
1017 421 1133 447 suum
1151 408 1193 446 in
1217 408 1286 446 illa
1303 408 1388 469 gla-

265 461 429 501 diatoria
460 477 595 514 pugna
623 464 794 502 multum
826 463 1059 515 profuderat.
1101 463 1180 501 Hic
1207 461 1389 514 pecunias

265 526 412 555 nostras
445 518 684 564 aestimabat;
715 518 965 569 possessiones
991 518 1149 556 notabat
1167 525 1205 555 et
1222 518 1389 555 urbanas

266 578 304 609 et
328 571 511 610 rusticas:
541 572 659 622 hujus
691 572 929 621 mendicitas,
961 571 1141 610 aviditate
1171 571 1390 620 conjuncta,

263 624 305 662 in
325 625 496 664 fortunas
515 634 662 664 nostras
681 626 930 664 imminebat:
952 625 1148 664 dividebat
1165 637 1290 676 agros,
1305 624 1393 677 qui-

263 680 338 718 bus
357 688 394 718 et
413 693 509 732 quos
525 681 697 718 volebat:
719 681 850 719 nullus
862 681 988 719 aditus
1007 687 1087 718 erat
1104 679 1267 731 privato,
1283 678 1393 716 nulla

264 734 456 785 aequitatis
475 734 701 785 deprecatio.
743 735 919 774 Tantum
938 734 1102 786 quisque
1119 733 1286 771 habebat
1302 745 1392 784 pos-

261 801 396 835 sessor,
417 799 608 840 quantum
638 789 843 841 reliquerat
875 789 1016 827 divisor
1033 788 1243 827 Antonius.
1287 787 1390 835 Quae

263 855 517 894 quamquam,
546 843 576 881 si
605 843 708 895 leges
737 843 862 881 irritas
891 843 1066 891 feceritis,
1091 850 1174 880 rata
1203 854 1283 880 esse
1310 852 1390 879 non

260 905 446 948 possunt3
477 905 607 935 tamen
626 898 831 949 separatim
851 910 921 935 suo
940 897 1096 936 nomine
1114 895 1283 935 notanda
1300 907 1389 934 oen-

262 964 350 997 55ος
379 951 724 1004 judicandumque,
745 952 871 990 nuHos
890 951 1138 1003 septemviros
1154 950 1297 995 fuisse;
1329 949 1390 987 ni-

262 1005 319 1043 hil
337 1005 486 1057 placere
515 1013 644 1044 ratum
675 1019 767 1055 esse,
799 1005 905 1057 quod
937 1007 985 1044 ab
1015 1005 1062 1043 iis
1089 1012 1221 1044 actum
1245 1004 1389 1043 dicere-

263 1066 339 1097 tur.

330 1114 455 1153 VIII.
486 1114 670 1154 Illarcum
704 1128 792 1153 vero
820 1115 1056 1163 Antonium,
1089 1113 1176 1166 quis
1214 1120 1285 1162 est,
1319 1111 1388 1165 qui

261 1167 384 1207 civem
414 1169 535 1220 possit
559 1170 731 1219 judicare
760 1169 901 1221 potius,
934 1182 1053 1221 quam
1085 1167 1324 1207 teterrimum
1350 1173 1388 1205 et

260 1222 569 1261 crudelissimum
589 1224 752 1270 hostem,
769 1223 852 1275 qui,
869 1236 939 1275 pro
959 1223 1039 1261 aede
1057 1222 1225 1261 Castoris
1239 1221 1385 1269 sedens,

258 1277 438 1315 audiente
457 1278 601 1329 populo
620 1278 814 1325 Romano,
828 1277 982 1325 dixerit,
1002 1277 1077 1315 nisi
1095 1277 1290 1325 victorem,
1311 1275 1391 1314 vic-

261 1338 394 1369 turum
424 1332 619 1370 neminem
634 1335 651 1370 ?
682 1333 794 1370 Num
823 1331 984 1383 putatis,
1015 1338 1141 1383 patres
1171 1329 1386 1381 conscripti,

259 1385 401 1424 dixisse
416 1399 506 1424 eum
525 1386 728 1434 minacius,
749 1399 865 1438 quam
886 1386 1080 1424 facturum
1099 1385 1216 1423 fuisse
1230 1387 1248 1423 ?
1278 1383 1388 1432 Quid

259 1452 361 1487 vero,
383 1440 488 1492 quod
506 1440 547 1477 in
567 1441 745 1479 concione
763 1440 886 1479 dicere
902 1453 1018 1478 ausus
1037 1447 1106 1486 ffit,
1127 1452 1179 1487 se,
1195 1451 1286 1477 cum
1303 1450 1390 1476 ma-

259 1494 421 1545 gistratu
455 1496 610 1543 abisset,
632 1495 682 1533 ad
701 1495 850 1533 Urbem
868 1495 1047 1532 futurum
1070 1506 1159 1532 cum
1192 1492 1386 1538 exercitu3

259 1548 525 1597 introiturum,
546 1549 864 1600 quotiescumque
882 1549 1024 1587 vellet?
1045 1547 1154 1596 Quid
1168 1557 1249 1585 erat
1266 1546 1386 1595 aliud,

260 1603 334 1640 nisi
357 1603 582 1641 denuntiare
609 1604 754 1655 populo
777 1604 958 1642 Romano
988 1602 1207 1641 servitutem
1222 1603 1240 1640 ?
1269 1600 1389 1648 Quod

259 1664 391 1695 autem
410 1658 493 1706 ejus
519 1658 591 1696 iter
609 1657 898 1696 Brundisium?
929 1669 1016 1708 quae
1044 1655 1235 1694 festinatio
1252 1658 1270 1694 ‚⁹
1300 1667 1389 1706 quae

257 1724 357 1761 spes,
378 1711 451 1749 nisi
478 1720 522 1749 ut
548 1711 598 1749 ad.
617 1712 780 1758 Urbem,
802 1711 863 1749 vel
890 1711 930 1749 in
950 1711 1098 1749 Urbem
1116 1710 1258 1762 potius,
1280 1721 1391 1747 exer-

257 1766 376 1804 citum
415 1766 635 1803 maximum
661 1766 865 1804 adduceret
878 1765 896 1801 ‘t'
936 1764 1022 1813 Qui
1059 1772 1187 1802 autem
1218 1763 1386 1802 delectus

258 1819 560 1858 centurionum?
603 1833 691 1871 quae
728 1819 924 1858 effrenatio
959 1818 1180 1870 impotentis
1227 1817 1348 1856 animi
1365 1819 1383 1856 ?

258 1873 362 1911 Cum
381 1874 463 1923 ejus
474 1873 669 1925 promissis
687 1874 856 1925 legiones
868 1872 1084 1912 fortissimae
1099 1872 1382 1919 reclamassent,

258 1927 419 1965 domum
435 1928 484 1966 ad
503 1941 541 1965 se
563 1928 688 1966 venire
704 1927 819 1978 jussit
833 1928 1085 1974 centuriones,
1106 1939 1202 1978 quos
1220 1928 1316 1965 bene
1334 1925 1382 1963 de

255 1982 453 2033 republica
489 1981 628 2020 sentire
659 1990 908 2033 cognoverat:
951 1994 1104 2032 eosque,
1143 1988 1231 2018 ante
1266 1979 1382 2031 pedes

255 2048 357 2083 suos,
377 2036 585 2087 uxorisque
604 2049 696 2084 suae,
721 2049 839 2088 quam
866 2048 995 2074 secum
1023 2034 1150 2086 gravis
1174 2035 1382 2095 imperator

255 2090 306 2128 ad
325 2090 532 2129 exercitum
560 2090 737 2139 duxerat,
755 2090 929 2151 jugulari
953 2089 1088 2140 coe‘git.
1132 2088 1224 2136 Quo
1249 2088 1381 2126 animo

254 2143 359 2182 hunc
372 2144 550 2183 futurum
563 2144 681 2183 fuisse
699 2144 857 2183 censetis
871 2144 912 2182 in
927 2156 1010 2191 nos,
1024 2156 1121 2195 quos
1132 2142 1276 2190 oderat,
1289 2152 1380 2180 cum

254 2197 294 2235 in
315 2211 391 2247 eos,
412 2212 509 2250 quos
526 2211 729 2251 nunquam
749 2198 907 2248 viderat,
927 2205 1007 2236 tam
1028 2196 1191 2236 crudelis
1209 2195 1343 2235 fuisset
1358 2196 1378 2233 Ρ
