1509 2397
358 103 475 143 PRO
504 104 753 144 MILONE.
785 104 891 143 CAP.
922 106 959 142 3.
1167 102 1219 140 33

101 214 265 261 bunatu,
302 213 493 264 rebusque
524 213 705 252 omnibus
740 226 811 265 pro
848 213 969 251 salute
1004 210 1223 262 reipublicae

101 267 230 318 gestis,
245 266 295 304 ad
305 266 423 316 hujus
443 268 612 306 criminis
631 268 892 306 defensionem
904 279 980 303 non
995 268 1219 304 abutemur:

99 321 174 359 nisi
202 321 321 359 oculis
349 321 518 360 videritis
543 322 700 360 insidias
723 322 867 360 Miloni
886 334 908 358 a
928 320 1062 359 Clodio
1089 319 1221 366 factas,

100 387 170 414 nec
188 375 426 427 deprecaturi
454 389 602 423 sumus,
623 385 667 414 ut
692 376 836 414 crimen
854 376 927 413 hoc
955 375 1078 418 nobis,
1099 374 1224 411 multa

99 437 254 481 propter
271 430 475 481 praeclara
464 443 504 468 m
519 431 798 483 rempublicam
813 430 964 477 merita,
978 428 1222 472 condonet153

102 496 172 522 nec
201 484 445 535 postulaturi,
479 492 537 533 ut,
565 486 597 523 si
625 498 728 523 mors
755 485 801 522 P.
824 484 950 523 Clodii
973 484 1074 521 salus
1100 489 1226 519 vestra

99 537 230 586 fuerit,
262 538 401 577 idcirco
434 552 519 577 eam
554 540 687 578 virtuti
725 539 888 577 Milonis
921 538 1063 589 potius,
1103 548 1223 596 (111310

100 593 236 644 populi
265 592 435 631 Romani
457 593 643 642 felicitati
668 593 878 645 assignetis.
909 592 977 631 Sin
1002 591 1106 629 illius
1130 589 1226 627 insi-

101 646 176 684 djae
194 647 367 686 clariores
382 648 453 686 hac
467 649 552 687 luce
570 648 727 697 fuerint,
743 658 829 686 tum
843 647 1009 698 denique
1023 645 1226 683 obsecrabo

100 702 394 753 obtestaborque
423 715 504 749 vos,
526 703 689 752 judices,
711 702 743 741 si
765 710 898 741 caetera
921 699 1134 746 amisimus,
1154 698 1226 736 hoc

102 755 239 793 saltem
257 756 368 795 nobis
386 764 431 794 ut
449 757 702 808 relinquatur,
731 759 778 795 ab
797 756 1043 794 inimicorum
1067 752 1227 792 audacia

103 809 264 860 telisque
283 810 403 848 vitam
422 818 467 849 ut
484 811 646 863 impune
663 811 775 850 liceat
792 810 1005 848 defendere.

157 864 242 902 ΙΙΙ.
271 864 361 911 Sed,
382 873 590 917 antequam
605 865 654 903 ad
669 879 754 904 eam
773 865 982 903 orationem
994 863 1119 911 venio,
1140 874 1228 913 quae

103 924 158 956 651
175 918 329 969 propria
346 927 484 957 nostrae
504 920 739 972 quaestionis,
764 920 943 958 videntur
963 932 1007 957 ea
1025 930 1105 956 esse
1123 915 1228 954 refu-

101 973 234 1020 tanda,
268 986 355 1024 quae
385 980 422 1012 et
452 973 492 1011 in
523 982 659 1012 senatu
689 976 737 1013 ab
770 974 935 1012 inimicis
961 985 1059 1024 saepe
1085 973 1229 1022 jactata

102 1034 206 1074 sunt,
227 1034 264 1065 et
282 1027 323 1064 in
343 1028 522 1067 concione
541 1042 641 1081 saepe
659 1030 708 1067 ab
727 1028 928 1080 improbis,
949 1035 986 1066 et
1003 1026 1121 1078 paulo
1140 1032 1229 1063 ante

101 1082 151 1119 ab
174 1081 485 1129 accusatoribus,
474 1097 484 1107 ·
515 1090 573 1131 ut,
602 1083 709 1122 omni
745 1082 909 1134 [errore]
940 1082 1107 1143 sublato,
1145 1092 1228 1118 rem

101 1135 230 1186 plane,
252 1149 340 1188 quae
358 1137 462 1175 venit
480 1137 521 1175 in
537 1137 743 1187 judicium,
766 1137 891 1176 videre
909 1136 1072 1198 possitis

156 1190 315 1241 Negant
331 1191 473 1230 intueri
490 1193 616 1231 lucem
632 1205 711 1230 esse
722 1192 781 1230 fas
797 1192 844 1240 ei,
862 1192 931 1243 qui
942 1205 965 1229 a
980 1204 1018 1229 se
1029 1189 1229 1228 hominem

103 1243 271 1282 occisum
294 1257 373 1284 esse
402 1246 578 1284 fateatur.
609 1248 658 1285 In
678 1260 758 1298 qua
776 1246 933 1284 tandem
952 1247 1047 1284 urbe
1069 1244 1141 1282 hoc
1159 1243 1231 1281 ho-

102 1298 226 1337 mines
245 1299 458 1338 stultissimi
485 1301 714 1353 disputant?
744 1313 883 1352 nempe
901 1301 942 1338 in
967 1313 1026 1346 63,
1047 1312 1134 1350 quae
1152 1297 1232 1349 pri-

102 1364 215 1390 mum
231 1353 424 1415 judicium
444 1355 491 1392 de
510 1356 634 1407 capite
645 1355 741 1393 vidit
760 1355 821 1392 Μ.
841 1354 1011 1401 Ηο13111,
1032 1351 1232 1391 fortissimi

103 1406 204 1453 viri;
235 1408 317 1459 qui,
338 1409 513 1447 nondum
531 1410 654 1448 libera
669 1409 834 1456 civitate,
851 1417 980 1447 tamen
999 1406 1135 1459 populi
1147 1407 1230 1445 Ro-

102 1461 210 1499 mani
235 1462 397 1501 comitiis
415 1463 598 1502 liberatus
618 1471 688 1512 est,
716 1476 806 1503 cum
825 1477 896 1501 sua
913 1475 1034 1501 manu
1064 1473 1231 1500 sororem

102 1513 342 1554 interfectam
361 1530 440 1555 esse
458 1517 652 1557 fateretur.

156 1571 228 1608 An
258 1578 314 1609 est
339 1571 560 1623 quisquam,
589 1573 657 1625 qui
679 1572 752 1611 1100
781 1573 944 1634 ignoret,
970 1582 1060 1609 cum
1087 1570 1135 1608 de
1163 1568 1233 1607 11οι

101 1624 209 1663 mine
227 1625 348 1664 000150
367 1634 575 1678 quaeratur,
596 1634 663 1665 aut
687 1627 820 1678 negari
839 1626 956 1665 solere
975 1624 1134 1663 omnino
1153 1636 1233 1662 esse

102 1677 264 1740 factum,
300 1687 381 1728 aut,
413 1688 513 1720 recte
546 1694 589 1720 ac
618 1683 705 1732 jure
734 1682 880 1720 factum
914 1693 1006 1727 esse,
1046 1678 1232 1717 defendi?

105 1732 196 1771 Nisi
207 1747 295 1773 vero
307 1734 547 1783 existimatis,
562 1736 781 1774 dementem
794 1736 841 1774 P.
850 1735 1084 1774 Africanum
1098 1732 1231 1781 fuisse,

105 1788 188 1839 qui,
209 1801 299 1826 cum
319 1802 342 1827 a
373 1789 418 1828 C.
440 1790 631 1840 Carbone,
651 1791 810 1829 tribuno
828 1790 966 1842 plebis,
994 1789 1035 1826 in
1055 1787 1234 1826 0011010116

104 1842 278 1882 seditiose
303 1844 614 1908 interrogaretur,
640 1845 735 1897 quid
761 1844 808 1883 de
831 1844 896 1882 Ti.
920 1842 1084 1882 Gracchi
1111 1848 1235 1880 morte

105 1896 273 1945 sentiret,
293 1899 504 1950 respondit,
526 1901 613 1949 jure
643 1912 784 1938 caesum
804 1899 938 1938 videri.
969 1898 1110 1949 Neque
1130 1896 1234 1935 enim

105 1959 232 2000 posset
260 1959 327 1990 aut
345 1953 479 1992 Ahala
502 1953 570 1993 ille
595 1954 793 2002 Servffius,
820 1960 888 1991 aut
908 1953 954 1991 P.
988 1952 1146 1999 Nasica,
1167 1958 1235 1989 aut

108 2003 156 2043 L.
179 2005 377 2058 Opimius,
399 2016 467 2046 aut
487 2008 532 2047 C.
555 2009 722 2056 Marius,
744 2015 826 2055 aut,
846 2021 911 2046 me
934 2006 1102 2047 consule
1124 2018 1236 2044 sena-

104 2065 184 2107 tus,
204 2072 282 2098 non
301 2062 468 2101 nefarius
492 2063 640 2110 haberi,
671 2063 702 2101 si
728 2063 925 2101 sceleratos
954 2062 1052 2100 cives
1075 2059 1237 2098 interfici

101 2113 216 2152 nefas
235 2122 342 2153 esset.
373 2117 514 2169 Itaque
525 2117 611 2166 hoc,
625 2117 787 2168 judices,
801 2130 878 2156 non
895 2117 975 2156 sine
987 2128 1102 2155 causa
1121 2114 1238 2153 etiam

108 2166 206 2207 fictis
234 2169 378 2208 fabulis
407 2171 615 2210 doctissimi
638 2172 814 2212 homines
842 2170 1040 2211 memoriae
1061 2168 1238 2222 prodide-

109 2228 232 2269 mnt;
238 2236 369 2274 60111,
401 2225 485 2278 qui,
518 2227 641 2279 patris
667 2226 876 2268 ulciscendi
907 2239 1037 2275 causa,
1075 2228 1239 2264 matrem
