1509 2397
219 62 276 99 58
481 62 544 101 IN
576 62 850 102 PISONEM.
879 63 986 102 CAP.
1015 63 1081 101 29.

217 175 313 207 esset
341 169 551 220 praesertim
576 170 795 221 appetitus:
825 169 930 208 dedit
958 183 998 209 se
1026 169 1068 207 in
1096 166 1337 208 consuetudi-

218 235 324 269 nem,
343 223 394 261 sic
412 231 457 260 ut
470 236 624 273 prorsus
643 222 720 261 una
737 224 891 271 viveret,
918 236 988 262 nec
1011 223 1089 261 fere
1107 225 1155 261 ab
1173 223 1246 262 isto
1263 233 1336 259 uu-

218 289 336 327 quam
369 276 583 315 discederet.
626 277 719 314 Non
748 277 853 327 apud
873 277 1057 323 indoctos,
1091 277 1158 314 sed
1185 280 1247 320 (ut
1265 286 1338 326 ego

219 330 397 377 arbitror)
417 330 457 367 in
475 331 678 368 hominum
697 330 1038 368 eruditissimorum
1053 337 1090 368 et
1107 328 1339 368 humanissi-

218 396 373 421 morum
387 392 498 431 coetu,
510 384 657 435 loquor.
687 384 866 422 Audistis
885 383 1052 435 profecto
1066 383 1154 431 dici,
1169 383 1341 435 111111050-

218 437 316 488 111105
334 438 558 489 Epicureos,
579 450 710 476 omnes
738 451 810 484 res,
841 451 928 489 quae
950 444 1039 475 sunt
1056 437 1204 486 homini
1222 449 1338 489 expe-

219 491 357 538 tendae,
387 492 581 542 voluptate
605 492 756 529 metiri.
787 499 899 538 recte,
930 503 980 528 an
1010 503 1129 537 secus,
1162 491 1260 529 nihil
1287 488 1338 529 ad

217 556 314 590 nos;
345 553 425 592 aut,
447 545 479 583 si
496 545 545 583 ad
563 545 755 586 1105..1111111
774 545 824 583 ad
836 546 909 583 hoc
924 552 1101 596 tempus:
1133 545 1197 583 sed
1208 552 1338 583 tamen

218 598 413 636 lubricum
438 612 558 649 genus
576 599 769 645 orationis,
789 599 1015 637 adolescenti
1033 611 1110 636 non
1129 599 1262 637 acriter
1279 598 1340 636 in-

219 652 406 703 telligenti
425 665 525 704 saepe
544 666 722 704 praeceps.
764 653 904 703 Itaque
922 652 1167 690 admissarius
1184 653 1269 700 1510,
1289 651 1342 690 51-

219 707 304 743 111111
333 714 447 757 atque
480 706 625 744 audivit
651 720 674 744 a
698 706 925 758 philosopho
953 707 1188 757 voluptatem
1216 713 1341 744 tanto-

218 772 308 811 pere
325 760 488 808 laudari,
506 760 603 798 nihil
617 761 831 811 expiscatus
844 768 922 798 est:
953 760 1005 798 sic
1024 772 1112 797 suos
1131 773 1264 798 sensus
1274 771 1342 798 vo·

219 813 403 864 luptarios
420 826 551 852 omnes
563 814 747 861 incitavit,
762 814 815 852 sic
832 814 881 852 ad
899 813 1003 851 illius
1017 813 1117 851 hanc
1130 813 1340 852 orationem

219 867 423 914 adhinniit,
443 876 502 914 ut,
527 880 605 906 non
624 868 851 918 magistrum
870 867 1033 913 virtutis,
1053 867 1119 905 sed
1148 875 1341 906 auctorem

218 921 403 967 libidinis,
423 934 446 959 a
465 934 504 959 se
531 922 643 959 illum
667 922 869 960 inventum
888 921 1144 959 arbitraretur.
1183 921 1342 959 (111-010115

219 974 346 1025 11111110
360 974 591 1025 distinguere
602 984 717 1027 atque
731 975 897 1013 dividere
914 975 994 1021 illa,
1011 974 1340 1025 quemadmodum

221 1027 460 1067 dicerentur:
475 1007 576 1077 tiste,
597 1029 755 1067 claudus
775 1028 984 1080 (quomodo
1003 1028 1128 1075 aiunt)
1145 1028 1265 1079 pilam
1283 1041 1344 1066 re-

223 1081 369 1127 11Βο1ος
400 1082 504 1133 quod
522 1090 727 1134 acceperat,
748 1082 950 1129 testificari,
970 1082 1120 1120 tabulas
1143 1082 1344 1133 obsignate

220 1135 342 1181 velle3
374 1136 590 1186 Epicurum
605 1137 789 1175 disertum
809 1136 956 1175 dicere·
944 1164 956 1181 ,
988 1143 1025 1174 et
1042 1143 1174 1174 tamen
1194 1136 1341 1174 dictum

223 1188 371 1250 opinor,
404 1202 442 1227 se
461 1190 614 1228 nullum
634 1193 781 1228 bonum
809 1190 1020 1240 intelligere
1051 1202 1173 1240 posse,
1205 1188 1346 1227 demtis

222 1243 388 1294 corporis
407 1244 678 1295 voluptatibus.
721 1243 830 1292 Quid
848 1243 1001 1282 multa?
1032 1243 1202 1290 Graecus,
1222 1242 1345 1281 facilis

223 1303 261 1335 et
275 1296 385 1334 valde
400 1305 594 1344 venustus,
611 1297 726 1335 nimis
740 1309 898 1349 pugnax
914 1304 1044 1336 contra
1054 1305 1265 1336 senatorem
1275 1309 1345 1348 po-

223 1350 308 1402 puli
327 1351 497 1388 Romani
516 1364 553 1389 es
556 1364 593 1389 se
608 1352 742 1390 noluit.

278 1404 442 1442 XXIX.
472 1405 546 1443 Est
564 1412 692 1443 autem
712 1405 788 1452 hic,
809 1405 856 1443 de
881 1418 959 1456 quo
986 1405 1137 1456 loquor,
1164 1416 1241 1442 non
1258 1403 1347 1456 phi-

223 1456 397 1508 losophia
416 1459 555 1504 50111111,
576 1459 642 1497 5011
661 1460 776 1497 etiam
798 1459 931 1506 literis,
960 1458 1081 1509 (quod
1100 1459 1177 1496 fere
1189 1464 1347 1496 vcaeteros

224 1511 434 1562 Epicureos
453 1513 644 1564 negligere
657 1513 806 1558 dicunt)
826 1512 1047 1563 perpolitus.
1077 1513 1222 1550 Poe'ma
1234 1523 1347 1562 porro

223 1565 314 1603 facit
333 1565 387 1603 ita
405 1566 600 1615 festivum,
634 1567 688 1605 ita
713 1567 958 1613 concinnum,
990 1566 1045 1603 ita
1063 1566 1228 1616 elegans,
1248 1564 1348 1603 nihil

225 1626 271 1656 ut
289 1619 370 1656 fieri
388 1619 505 1669 possit
523 1620 708 1671 argutius.
754 1620 803 1657 In
823 1633 900 1670 quo
917 1619 1168 1670 reprehendat
1193 1631 1282 1656 eum
1300 1618 1348 1656 li-

226 1680 300 1719 cet,
321 1672 352 1709 si
371 1673 438 1723 qui
458 1674 557 1711 volet
571 1687 582 1719 ;
612 1674 728 1711 modo
739 1673 885 1719 leviter,
898 1685 976 1710 non
987 1679 1031 1710 ut
1041 1672 1254 1723 impurum,
1270 1683 1348 1709 non

225 1734 270 1763 ut
289 1726 524 1776 improbum,
555 1739 633 1765 non
659 1735 705 1764 ut
722 1726 919 1773 audacem,
952 1725 1017 1763 sed
1045 1733 1090 1763 ut
1109 1725 1347 1774 Graeculum,

226 1787 272 1817 111
289 1788 573 1828 assentatorem,
593 1788 638 1818 ut
655 1784 821 1831 poetam.
856 1779 1036 1826 Devenit,
1057 1787 1124 1816 aut
1141 1779 1268 1830 potius
1286 1779 1349 1816 in-

225 1832 317 1871 cidit
342 1833 383 1870 in
412 1834 544 1881 istum,
575 1834 709 1872 eodem
738 1834 918 1884 deceptus
947 1833 1159 1884 supercilio,
1191 1832 1348 1874 Graecus

227 1894 344 1937 atque
363 1887 520 1933 advena,
543 1900 619 1938 quo
639 1896 717 1925 tam
737 1888 885 1938 sapiens
904 1894 942 1925 et
960 1894 1066 1924 tanta
1084 1886 1226 1924 civitas.
1267 1886 1348 1924 Re-

230 1952 362 1979 vocare
395 1953 433 1978 se
462 1953 539 1978 non
563 1948 724 1991 poterat,
750 1941 1009 1979 familiaritate
1035 1940 1277 1990 implicatus:
1309 1945 1348 1978 et

227 1993 343 2032 simul
360 1994 622 2032 inconstantiae
634 1995 781 2033 famam
800 1996 1011 2032 verebatur.
1042 1993 1256 2044 Rogatus,'
1246 1993 1347 2031 mvi-

225 2053 342 2096 tatus,
361 2056 524 2095 coactus,
544 2048 598 2086 ita
615 2049 740 2087 multa
757 2048 807 2087 ad
824 2048 941 2087 istum
960 2047 1008 2086 de
1025 2047 1101 2086 isto
1116 2046 1279 2099 scripsit,
1300 2053 1346 2084 ut

224 2167 313 2194 rum
330 2154 666 2207 conviviorumque
683 2168 836 2207 genera,
855 2154 1044 2196 adulteria
1059 2154 1226 2207 denique
1243 2153 1342 2204 ejus,
