1509 2397
343 84 460 125 PRO
487 83 812 126 DEIOTARO.
842 85 948 127 CAP.
980 87 1018 130 7.
1172 84 1243 129 171

179 191 280 231 VII.
300 191 410 241 Quid
421 195 586 245 postea?
614 193 684 232 An
697 192 918 241 Deiotarus,
939 206 980 231 re
997 192 1065 231 illo
1077 200 1249 244 tempore

121 257 201 284 non
211 246 393 296 perfecta,
408 247 589 286 continuo
601 247 747 285 dimisit
762 247 971 286 exercitum
987 249 1004 286 {⁴
1025 247 1157 284 nullus
1171 253 1250 284 erat

122 299 220 338 alius
232 299 438 339 insidiandi
452 302 560 340 locus
574 304 591 341 ?
620 302 680 340 At
694 301 829 340 eodem
845 308 896 348 te,
910 314 999 339 cum
1013 301 1248 348 coenavissoe,

121 353 335 392 rediturum
355 355 532 394 dixeras:
562 356 711 408 ita-que
723 355 856 394 fecisti.
887 355 1039 393 Horam
1052 367 1170 392 unam
1183 361 1250 392 aut

120 406 216 446 duas
229 408 362 446 eodem
380 409 463 448 loco
474 418 654 457 armatos,
669 418 713 448 ut
725 409 897 448 collocati
908 409 1074 456 fuerant,
1088 408 1249 446 retinere

117 466 307 513 magnum
321 463 417 502 fuit.
407 466 425 490 9
447 463 599 502 Cumin
612 464 784 502 convivio
797 463 953 502 comiter
965 471 1001 500 et
1009 462 1178 512 jucunde
1187 462 1249 499 fu-

117 515 223 565 isses,
236 524 323 555 tum
335 517 454 556 illuc
443 518 519 566 1sti‚
530 526 574 556 ut
585 518 746 557 dixeras.
769 517 885 565 Quo
875 530 914 555 m
930 518 1012 555 loco
1019 516 1249 554 De10tarum

117 569 235 608 talem
248 583 338 622 erga
352 579 389 610 te
402 571 625 623 cognovisti,
639 572 764 624 qualis
775 585 843 610 rex
855 571 1035 609 Attalus
1026 584 1066 608 m
1081 571 1126 608 P.
1138 570 1249 608 Afri-

117 636 259 662 canum
270 625 368 671 fuit3
400 626 462 664 cui
481 626 857 677 magnificentissima
876 626 989 686 dona,
1006 633 1050 662 ut
1063 625 1247 676 scriptum

117 677 299 728 legimus,
319 693 442 731 usque
461 680 511 718 ad
531 681 791 719 Numantiam
809 680 914 718 misit
934 693 981 717 ex
999 678 1129 724 Asia;
1160 692 1248 730 quae

115 731 344 781 Africanus,
366 734 601 785 inspectante
621 735 804 781 exercitu,
826 733 980 785 accepit.
1023 732 1143 781 Quod
1157 745 1247 771 cum

116 798 282 837 praesens
302 787 523 836 Deiotarus,
544 789 648 840 regio
667 797 705 827 et
724 789 854 827 animo
874 796 910 826 et
927 801 1050 837 more,
1070 787 1243 828 fecisset·
1231 815 1245 833 ,

115 847 160 878 tu
177 839 219 878 in
235 842 457 880 cubiculum
476 843 690 881 discessisti.

169 893 354 945 Obsecro,
369 895 510 944 Caesar,
527 905 654 950 repete
673 896 857 949 temporis
869 896 974 935 illius
989 895 1242 934 memoriam:

113 960 213 1000 pone
232 949 346 988 illum
364 958 453 988 ante
472 951 600 989 oculos
619 951 746 989 diem:
770 951 900 989 vultus
917 950 1124 988 hominum
1136 959 1174 988 te
1183 949 1245 987 in-

115 1003 309 1041 tuentium
339 1011 456 1056 atque
479 1005 756 1043 admirantium
775 1005 982 1044 recordare.
1024 1005 1137 1042 Ν11111
1157 1017 1245 1055 quae

112 1057 342 1120 trepidatio?
371 1071 469 1096 num
482 1059 550 1111 qui
570 1060 783 1098 tumultus.
774 1062 791 1085 9
821 1071 917 1097 1111111
939 1058 1048 1110 quid,
1068 1058 1143 1096 nisi
1160 1071 1245 1096 mo-

112 1109 254 1160 derate,
268 1112 342 1150 nisi
357 1113 499 1164 quiete,
513 1113 587 1151 nisi
602 1127 650 1152 ex
663 1112 832 1152 hominis
851 1112 1080 1173 gravissimi
1087 1121 1123 1150 et
1135 1125 1244 1150 sanc-

110 1164 248 1204 tissimi
265 1166 502 1218 disciplina?
543 1167 653 1216 Quid
671 1168 790 1219 igitur
808 1180 897 1206 caus
899 1181 931 1205 ae
951 1166 1157 1218 excogitari
1175 1179 1244 1218 po-

110 1225 197 1310 gest,
209 1233 286 1296 'fur
305 1228 343 1259 te
359 1221 513 1259 lautum
531 1221 706 1271 voluerit,
728 1229 920 1261 coenatum
939 1221 1119 1269 noluerit,
1146 1220 1245 1260 occi-

139 1286 200 1311 ere
212 1302 221 1310 .

165 1327 216 1366 In
246 1336 445 1380 posterum
469 1329 630 1382 (inquit)
658 1329 761 1368 diem
791 1329 966 1375 distulit3
996 1336 1055 1375 ut,
1087 1341 1177 1368 cum
1200 1328 1242 1367 in

110 1382 312 1420 castellum
331 1383 524 1422 Luceium
543 1391 702 1422 ventum
723 1392 832 1432 esset,
864 1383 918 1421 ibi
937 1383 1101 1434 cogitata
1128 1382 1242 1434 perfi-

108 1444 220 1474 ceret.
263 1437 357 1475 Non
376 1438 485 1476 video
511 1451 666 1476 causam
699 1438 773 1476 1001
791 1438 995 1476 mutandi:
1028 1436 1094 1475 sed
1113 1445 1242 1475 tamen

44 1533 47 1536 ⁴
108 1496 192 1528 acta
210 1503 269 1529 res
289 1491 490 1530 criminose
509 1499 577 1530 est.
619 1492 736 1541 Cum,
757 1492 897 1544 inquit,
920 1504 1072 1529 vomere
1099 1498 1135 1528 te
1155 1500 1242 1542 post

107 1556 254 1582 coenam
268 1545 366 1584 velle
381 1546 555 1594 dixisses,
572 1546 613 1584 in
625 1547 808 1585 balneum
821 1555 858 1584 te
870 1546 1008 1584 ducere
1021 1554 1238 1596 coeperunt;

107 1597 162 1636 ibi
182 1598 286 1637 enim
301 1608 410 1638 erant
429 1600 589 1638 insidiae.
619 1602 679 1638 At
698 1608 736 1638 te
756 1601 889 1638 eadem
909 1607 976 1637 tua
994 1600 1149 1637 fortuna
1164 1611 1241 1637 ser-

106 1652 235 1691 vavit:
266 1653 306 1690 in
326 1653 550 1694 cubiculum
570 1663 608 1693 te
626 1655 681 1693 ire
699 1655 816 1692 malle
835 1653 979 1692 dixisti.
1010 1653 1080 1691 Dii
1098 1662 1135 1691 te
1153 1667 1241 1705 per-

106 1705 233 1752 duint,
253 1707 438 1759 fugitive!
470 1708 524 1746 ita
543 1721 620 1747 non
639 1708 756 1747 modo
775 1721 944 1760 nequam
965 1715 1001 1747 et
1024 1708 1238 1759 improbus,

106 1760 172 1798 sed
190 1761 322 1800 fatuus
342 1770 379 1800 et
397 1775 531 1801 amens
551 1776 601 1801 es.
632 1763 742 1810 Quid
759 1765 776 1801 ,9
806 1763 872 1801 ille
883 1762 996 1813 signa
1009 1775 1114 1800 aenea
1127 1762 1168 1799 in
1180 1763 1240 1800 in-

108 1814 213 1853 sidiis
231 1824 425 1867 posuerat,
447 1830 535 1869 quae
554 1830 574 1856 e
589 1817 726 1856 balneo
744 1817 786 1855 in
801 1817 1024 1856 cubiculum
1044 1816 1239 1856 transferri

103 1880 183 1907 non
201 1878 379 1921 possent.
370 1873 388 1899 9

157 1923 292 1962 Habes
321 1925 484 1963 crimina
501 1925 755 1964 insidiarum:
786 1925 884 1964 nihil
904 1926 1004 1964 enim
1028 1925 1126 1963 dixit
1151 1938 1237 1963 3111-

103 1977 219 2037 plius.
265 1978 437 2028 Horum,
464 1980 606 2031 inquit,
635 1993 740 2018 eram
759 1980 940 2019 conscius.
985 1979 1094 2027 Quid
1113 1986 1225 2018 tum.
1216 1981 1235 2004 9

101 2030 158 2069 ita
175 2031 334 2071 demens
352 2033 419 2072 ine
438 2042 532 2081 erat,
559 2042 603 2072 ut
626 2047 733 2083 eum,
765 2047 884 2087 quem
913 2034 1108 2072 conscium
1137 2034 1236 2071 tanti

102 2085 252 2125 sceleris
269 2087 450 2136 habebat,
466 2101 489 2126 a
503 2101 543 2127 se
557 2088 786 2128 dimitteret.
777 2091 794 2116 9
825 2089 997 2127 Romam
1012 2088 1128 2125 etiam
1141 2087 1234 2126 mit-

103 2145 213 2188 teret,
229 2140 298 2178 ubi
315 2148 353 2179 et
370 2141 680 2181 inimicissimum
692 2143 802 2181 sciret
814 2155 892 2181 esse
906 2149 1085 2202 nepotem
1097 2154 1230 2190 suum,

104 2198 140 2230 et
158 2192 203 2231 C·
225 2193 431 2247 Caesarem,
451 2197 513 2236 cui
533 2197 684 2236 fecisset
696 2196 881 2236 insidias.
909 2196 1120 2248 praesertim
1140 2209 1229 2234 cum
