1509 2397
363 136 479 175 PRO
507 135 755 175 MILONE.
787 135 890 175 CAP.
925 138 985 174 15.
1183 136 1234 175 95

119 249 187 300 per
203 246 292 295 fuit,
311 257 361 283 ne
379 245 426 282 P.
444 244 616 293 Clodius,
630 257 719 283 cum
733 244 773 282 in
788 243 978 294 judicium
998 244 1144 282 detrahi
1155 257 1231 282 non

116 309 253 353 posset,
274 300 313 338 vi
330 312 549 350 oppressam
576 299 766 337 cixitatem
784 306 938 336 teneret.
969 298 1099 359 Quem
1118 299 1149 336 si
1171 298 1231 335 111-

116 355 281 393 terficere
300 354 492 401 voluisset,
513 360 680 404 quantae,
701 352 848 404 quoties
867 352 1091 397 occasiones.
1113 365 1231 403 quam

114 409 316 460 praeclarae,
336 407 517 445 fuerunt!
551 407 746 453 Potuitne,
778 419 865 445 cum
885 406 1046 444 domurn
1065 419 1107 444 ac
1128 406 1232 444 Deos

113 470 266 514 penates
297 474 397 509 suos,
431 461 497 499 illo
528 469 787 512 oppugnante,
819 460 1048 507 defenderet,
1077 461 1162 509 jure
1193 473 1231 498 se

112 516 276 555 ulcisci?
304 515 492 567 potuitne,
509 515 588 553 cive
608 515 772 565 egregio,
795 522 830 552 et
850 515 930 552 viro
948 514 1166 561 fortissimo,
1181 514 1227 551 P.

112 570 255 618 Sextio,
276 569 422 630 collega
440 582 522 617 suo,
543 569 772 607 vulnerato?
801 569 989 620 potuitne,
1018 568 1069 616 Q.
1094 568 1229 605 Fabri-

111 623 182 670 cio,
203 624 283 663 viro
312 623 472 675 optimo,
503 636 593 661 cum
623 623 670 661 de
694 622 817 661 reditu
840 635 928 661 meo
949 623 1075 673 legem
1100 622 1227 668 ferret,

110 679 236 729 pulso,
257 677 540 716 crudelissima
530 690 571 714 m
589 677 672 714 foro
691 677 791 715 caede
810 676 934 715 facta.
925 679 942 705 ⁹
971 676 1160 728 potuitne,
1178 676 1227 713 L.

111 731 268 780 Caecilii,
286 731 488 782 justissimi
505 730 776 782 fortissimique
800 731 985 782 praetoris,
1007 731 1229 782 oppugnata

70 801 76 806 ·
110 786 257 825 domo?
286 786 460 837 potuitne
485 785 551 823 illo
576 785 651 832 die,
679 798 767 822 cum
794 792 850 822 est
874 785 952 822 lata
975 785 1039 822 lex
1069 784 1115 822 de
1134 784 1228 822 me?

110 853 200 878 cum
222 840 339 878 totius
368 839 492 878 Italiae
521 851 739 886 concursus,
761 852 878 890 quem
900 852 987 876 mea
1006 839 1108 876 salus
1139 851 1229 876 con-

109 894 256 942 citarat,
287 893 378 932 facti
409 893 513 931 illius
545 893 707 944 gloriam
739 893 861 931 libens
894 893 1134 944 agnovisset:
1167 900 1225 939 ut,

109 948 224 987 etiam
250 948 283 986 si
300 947 341 986 id
364 947 466 985 Milo
485 947 645 995 fecisset,
667 955 803 985 cuncta
821 947 950 985 civitas
966 959 1051 984 eam
1070 946 1225 984 laudem

107 1015 176 1054 pro
195 1003 266 1040 sua
285 1002 503 1040 vindicaret.

160 1057 255 1095 XV.
285 1056 412 1107 Atqui
431 1063 509 1094 erat
531 1055 572 1093 id
590 1055 772 1107 temporis
795 1055 1025 1093 clarissimus
1044 1062 1082 1092 et
1099 1054 1227 1093 fortis-

108 1110 230 1149 simus
260 1110 406 1158 consul,
430 1109 607 1148 inimicus
633 1109 783 1157 Clodio,
810 1110 855 1147 P.
887 1109 1093 1157 Lentulus,
1123 1109 1228 1147 ultor

108 1164 255 1203 sceleris
283 1164 401 1210 illius,
428 1172 689 1216 propugnator
714 1167 878 1210 senatus,
898 1163 1072 1201 defensor
1094 1170 1228 1202 vestrae

107 1218 327 1265 voluntatis,
347 1225 530 1270 patronus
549 1218 652 1256 illius
675 1218 820 1269 publici
839 1220 1053 1265 consensus,
1074 1217 1227 1255 restitu-

40 1274 48 1279 ’
107 1280 168 1311 tor
186 1272 318 1311 salutis
338 1286 434 1310 meae
450 1286 463 1318 ;
494 1280 638 1323 septem
657 1279 848 1323 praetores,
874 1279 957 1310 octo
975 1271 1120 1309 tribuni
1145 1272 1227 1322 ple-

106 1327 180 1376 bis,
200 1327 304 1365 iuius
324 1326 540 1374 adversarii,
561 1326 774 1364 defensores
792 1326 869 1363 mei
887 1340 898 1371 ;
930 1326 1001 1364 Cn.
1018 1325 1226 1376 Pompeius

108 1388 239 1419 auctor
258 1388 295 1419 et
319 1380 402 1418 dux
425 1380 503 1418 mei
523 1380 680 1427 reditus,
706 1380 810 1418 illius
835 1380 980 1425 hostis;
1011 1380 1120 1429 cujus
1142 1391 1226 1417 sen-

106 1434 266 1473 tentiam
285 1446 437 1472 senatus
456 1434 580 1472 omnis
600 1434 647 1472 de
666 1435 787 1472 salute
805 1434 893 1471 mea
911 1433 1174 1484 gravissimam
1189 1441 1227 1471 et

107 1489 387 1527 ornatissimam
410 1496 561 1527 secutus
585 1496 667 1526 est:
698 1488 766 1540 qui
784 1489 973 1539 populum
999 1487 1225 1525 Romanum

108 1543 324 1581 cohortatus
355 1550 439 1588 aet3
471 1543 552 1594 qui,
584 1555 673 1580 cum
702 1542 749 1580 de
774 1555 837 1579 me
863 1542 1056 1579 decretum
1079 1541 1226 1592 Capuae

103 1596 206 1645 fecit,
226 1597 307 1648 ipse
329 1605 473 1635 cunctae
503 1596 627 1634 Italiae
652 1596 833 1648 cupienti,
855 1604 892 1634 et
916 1597 996 1645 ejus
1016 1595 1132 1633 fidem
1150 1595 1225 1633 im-

102 1651 282 1702 ploranti,
316 1651 471 1702 signum
501 1650 619 1698 dedit,
655 1658 712 1698 ut,
744 1650 793 1688 ad
829 1663 892 1688 me
929 1649 1222 1697 restituendum,

103 1705 274 1743 Romam
293 1712 571 1744 concurrerent.
603 1704 749 1744 Omnia
770 1712 854 1742 tum
870 1704 1034 1756 denique
1052 1703 1093 1741 in
1110 1703 1224 1741 illum

103 1759 190 1797 odia
221 1759 363 1798 civium
392 1759 574 1798 ardebant
602 1758 785 1798 desiderio
815 1758 915 1796 mei:
947 1771 1063 1810 quem
1094 1757 1125 1796 si
1155 1758 1223 1810 qui

103 1819 190 1851 turn
218 1813 483 1861 interemisset,
500 1826 595 1852 *non
625 1813 672 1852 de
702 1812 932 1864 impunitate
959 1814 1056 1862 ejus,
1081 1811 1146 1850 sed
1175 1812 1223 1850 de

102 1867 284 1919 praemiis,
305 1868 544 1919 cogitaretur.

157 1921 310 1960 Tamen
328 1935 367 1960 se
386 1923 489 1961 Milo
508 1922 707 1970 continuit,
728 1929 766 1960 et
784 1922 832 1960 P.
853 1920 1035 1960 Clodium
1053 1920 1102 1959 ad
1118 1920 1224 1970 judi-

103 1975 206 2015 cium
220 1976 293 2023 bis,
313 1976 363 2015 ad
382 1977 461 2015 vim
480 1989 695 2028 nunquam,
716 1975 874 2015 vocavit.
904 1975 1013 2024 Quid
1029 1978 1046 2014 ἶ)
1075 1975 1224 2026 privato

104 2028 271 2076 Milone,
303 2038 341 2069 et
368 2043 432 2069 reo
457 2031 505 2069 ad
533 2031 737 2082 populum,
766 2038 964 2068 accusante
990 2030 1035 2067 P.
1071 2029 1221 2077 Clodio,

105 2096 193 2122 cum
210 2083 251 2121 in
270 2084 343 2123 Cn.
357 2085 589 2137 Pompeium
603 2098 672 2137 pro
687 2085 838 2123 Milone
849 2084 1038 2123 dicentem
1056 2083 1223 2134 impetus
1286 2134 1301 2139 g

105 2137 226 2176 factus
256 2146 337 2185 est;
367 2153 454 2191 quae
479 2148 563 2178 tum
592 2151 669 2178 non
692 2139 807 2177 modo
829 2138 986 2185 occasio,
1015 2137 1081 2176 sed
1107 2137 1222 2175 etiam

100 2203 231 2240 causa,
249 2192 354 2232 iuius
376 2194 618 2246 opprimendi
638 2193 740 2232 fuit!
772 2193 911 2244 Nuper
933 2205 1034 2241 vero,
1056 2204 1145 2230 cum
1158 2191 1220 2229 M.

107 2246 302 2286 Antonius
331 2260 524 2287 summam
547 2261 655 2300 spem
686 2248 818 2286 salutis
836 2247 946 2285 bonis
965 2246 1144 2285 omnibus
1167 2252 1224 2282 at·
