1509 2397
263 67 316 104 38
533 63 599 102 IN
628 61 902 102 PISONEM.
931 61 1037 102 CAP.
1061 62 1123 101 10.

262 179 345 211 erat
362 184 385 210 a
407 171 513 210 vobis
540 170 759 210 consulibus
787 182 1034 216 0011νο15111ος
1063 169 1227 208 alterum
1251 165 1381 217 reipu-

260 226 370 266 blicae
391 226 543 277 penitus
569 232 753 276 ereptum.
793 225 995 286 Attamen,
1023 223 1055 262 si
1080 222 1282 262 consilium
1311 232 1380 258 ex-

261 280 379 332 quiris
404 292 559 323 meum;
590 291 674 329 neq·
670 292 714 316 10
739 291 808 329 ego
834 279 1040 324 cessissem,
1066 285 1103 316 et
1119 289 1183 314 me
1208 276 1291 326 ipsa
1309 285 1380 312 suo

261 334 464 384 complexu
481 332 604 384 patria
621 333 816 379 tenuisset,
836 332 868 369 si
881 332 977 369 mihi
991 343 1080 370 cum
1098 331 1164 369 illo
1182 327 1381 367 bustuario

261 388 481 439 gladiatore,
516 394 552 424 et
574 394 715 435 tecum,
736 393 773 424 et
798 399 887 424 cum
913 385 1058 436 collega
1086 393 1166 433 tuo,
1187 383 1381 422 decertan-

261 442 358 480 dum
376 441 470 478 fuiss
473 448 519 478 et.

315 495 411 533 Alia
436 495 537 532 enim
569 506 681 532 causa
704 493 1004 545 praestantissimi
1029 492 1114 539 viri,
1135 492 1187 540 Q.
1211 488 1379 538 Metelli,

261 549 359 587 fuit:
390 561 506 599 quem
536 560 606 598 ego
631 547 766 592 civem,
796 559 882 585 meo
908 547 1066 596 judicio,
1096 559 1185 584 cum
1205 544 1380 582 Deorum

261 602 538 642 immortalium
557 601 670 638 laude
688 602 903 651 conjungo;
925 601 992 651 qui
1004 601 1048 639 C.
1064 599 1123 638 1111
1141 599 1284 646 Mario,
1304 597 1382 636 for-

264 656 410 695 tissimo
438 656 532 701 viro,
553 663 590 693 et
618 655 776 703 consuli,
807 662 843 692 et
870 662 1022 692 sextum
1050 654 1210 701 consuli,
1234 659 1271 690 et
1298 653 1383 701 ejus

262 710 412 748 invictis
439 709 666 760 legionibus,
696 721 744 746 ne
769 708 885 746 armis
913 708 1142 758 confligeret,
1170 705 1382 745 cedendum

265 777 344 803 esse
366 763 488 801 duxit.
526 762 643 810 Quod
660 762 757 799 mihi
784 762 901 811 igitur
920 769 1109 800 certamen
1127 768 1224 799 esset
1244 760 1382 809 hujus-

264 818 402 856 modi?
432 829 520 854 cum
536 817 580 854 C.
603 816 731 853 Mario
750 815 904 862 scilicet,
925 822 992 853 aut
1019 828 1108 853 cum
1137 815 1266 866 aliquo
1283 812 1381 865 pari,

264 884 315 910 311
334 884 422 909 cum
437 871 568 915 altero,
588 871 748 907 barbaro
767 869 971 920 Epicureo,
988 882 1076 906 cum
1095 869 1226 916 altero,
1248 866 1386 906 Catili·

265 938 326 964 11εο
343 923 572 962 laternario⁹
603 936 697 974 quos
716 935 840 974 neque
860 923 1045 983 (hercule)
1071 935 1154 973 ego,
1175 933 1299 973 neque
1316 933 1384 958 su·-

265 979 465 1030 percilium
487 985 614 1023 tuum,
634 989 759 1027 neque
791 977 945 1027 collegae
964 976 1020 1014 tui
1039 976 1215 1037 cymbala
1241 988 1284 1013 ac
1301 987 1383 1013 cro-

266 1033 358 1078 tala,
381 1031 488 1082 fugi:
520 1043 644 1081 neque
667 1038 746 1068 tam
765 1029 822 1067 fui
844 1030 914 1067 tim
915 1030 1016 1075 idus,
1036 1037 1094 1077 ut,
1115 1029 1183 1081 qui
1201 1029 1240 1067 in
1259 1027 1389 1066 maxi-

267 1086 342 1124 mis
355 1085 572 1123 turbinibus
590 1097 633 1122 ac
652 1084 829 1122 fluctibus
853 1083 1071 1134 reipublicae
1089 1095 1226 1121 navem
1246 1083 1386 1133 guber-

267 1141 432 1184 113550111,
453 1137 700 1189 salvamque*
690 1150 730 1174 111
749 1145 861 1188 portu
881 1138 1135 1183 collocassem,
1156 1136 1289 1174 frontis
1309 1143 1387 1174 tuae
1445 1166 1451 1173 .

270 1193 516 1238 nubeculam,
529 1199 614 1230 tum
624 1192 778 1242 collegae
795 1191 861 1229 tui·
871 1191 1172 1229 contaminatum
1191 1189 1382 1241 spiritum,

267 1247 580 1299 pertimescerem.
631 1245 743 1283 Alios
774 1258 843 1296 ego
872 1245 950 1283 vidi
978 1252 1134 1283 ventos:
1175 1244 1268 1282 alias
1298 1256 1389 1295 pro·

270 1301 379 1352 spexi
397 1300 525 1338 animo
550 1299 756 1350 procellas:
787 1298 870 1336 31115
891 1298 1199 1350 impendentibus
1223 1305 1388 1350 tempes-

270 1355 413 1393 tatibus
431 1366 508 1391 non
527 1353 632 1398 cessi,
653 1352 717 1390 sed
734 1352 794 1391 his
808 1364 932 1390 unum
949 1365 1027 1399 me,
1047 1365 1116 1403 pro
1134 1351 1309 1389 omnium
1328 1363 1391 1389 sap

271 1409 366 1453 lute,
382 1407 516 1446 obtuli.
546 1407 684 1458 Itaque
705 1406 868 1444 discessu
887 1414 972 1444 tum
991 1419 1078 1444 meo
1096 1417 1228 1444 omnes
1244 1405 1303 1442 illi
1320 1417 1389 1443 ne-

272 1462 358 1500 farii
369 1461 487 1513 gladii
501 1461 549 1499 de
559 1461 736 1498 manibus
754 1459 1022 1498 crudelissimis
1037 1459 1276 1498 exciderunt.
1298 1471 1388 1497 cum

271 1516 428 1567 quidem
442 1522 498 1561 tu,
513 1528 536 1552 o
547 1527 673 1552 vecors
686 1521 723 1552 et
733 1515 890 1552 amens!
913 1527 1001 1552 cum
1019 1525 1150 1551 omnes
1164 1512 1255 1551 boui
1269 1512 1390 1551 abditi

272 1569 486 1619 inclusique
510 1575 723 1614 moererent,
754 1568 899 1618 templa
927 1574 1134 1617 gemerent,
1173 1573 1271 1604 tecta
1306 1565 1390 1617 ipsa

272 1622 391 1661 Urbis
409 1622 596 1671 lugerent,
618 1621 838 1671 complexus
857 1635 894 1659 es
906 1621 1004 1658 illud
1020 1620 1216 1658 funestum
1231 1619 1389 1668 animal,

275 1689 323 1715 ex
347 1675 500 1714 nefariis
530 1675 683 1725 stupris,
704 1687 750 1712 ex
769 1675 870 1713 civili
889 1687 1032 1721 cruore,
1054 1687 1101 1712 ex
1119 1673 1295 1712 omnium
1312 1687 1393 1713 sce-

275 1731 400 1768 lerum
417 1728 718 1779 importunitate,
739 1736 776 1766 et
793 1728 1025 1779 flagitiorum
1038 1727 1281 1778 impunitate,
1302 1739 1392 1766 con-

274 1791 445 1828 cretum,
475 1790 589 1833 atque
607 1781 737 1819 eodem
757 1782 797 1819 in
816 1782 973 1833 temp10,
993 1781 1126 1820 eodem
1140 1788 1177 1819 et
1194 1781 1267 1819 loci
1281 1782 1395 1820 vesti-

277 1838 340 1888 gio
360 1845 397 1875 et
414 1835 608 1887 temporis,
629 1835 784 1873 arbitria
801 1848 878 1874 non
896 1836 974 1873 mei
995 1836 1135 1883 solum,
1162 1835 1227 1873 sed
1243 1835 1390 1887 patriae,

275 1890 421 1931 funeris
439 1888 638 1928 abstulisti.

333 1945 388 1983 X.
417 1943 525 1991 Quid
539 1956 608 1993 ego
621 1942 775 1980 illorum
787 1943 936 1980 dierum
947 1943 1092 1995 epulas,
1108 1942 1201 1994 quid
1218 1942 1392 1981 laetitiam

280 2006 317 2038 et
334 1997 625 2049 gratulationem
646 2003 768 2057 tuam,
788 1997 882 2047 quid
909 2010 998 2034 cum
1025 1996 1102 2034 tuis
1127 1995 1395 2034 sordidissimis

281 2052 460 2105 gregibus
501 2049 904 2100 intemperantissimas
944 2049 1221 2102 pei-pontion&
1256 2049 1395 2101 praedi-

281 2119 388 2146 cem.
378 2108 396 2134 '³
426 2103 527 2152 Quis
537 2111 574 2142 te
586 2103 662 2141 illis
677 2103 810 2141 diebus
828 2103 1011 2152 sobrium,
1024 2103 1111 2155 quis
1128 2109 1305 2154 agentem
1324 2103 1395 2141 311-

284 2159 379 2213 quid
397 2158 501 2210 quod
526 2164 621 2196 esset
637 2156 757 2195 libero
777 2156 953 2207 dignum,
973 2158 1061 2209 quis
1079 2156 1272 2209 denique
1260 2169 1301 2195 m
1324 2169 1398 2208 pu-
