1509 2397
259 99 342 138 290
494 96 834 136 PHILIPPICA
863 96 940 137 VI.
969 96 1074 137 CAr.
1103 98 1142 138 3.

256 204 382 244 aerius
388 204 629 267 graviusque
646 205 911 243 incumberent
931 204 980 242 ad
998 203 1232 244 ulciscendas
1247 203 1377 256 reipu-

256 259 397 298 blicae
386 259 559 308 injurias,
576 259 606 296 si
625 259 754 297 omnia
773 259 988 310 gravissimi
1005 259 1119 297 belli·
1109 258 1275 310 insignia
1292 272 1380 297 sus-

259 320 369 364 cepta
387 326 410 350 a
429 320 561 351 senatu
580 312 761 351 viderent.

313 367 452 418 Itaque
476 367 558 405 haec
582 366 781 414 sententia,
808 366 993 413 Quirites,
1025 367 1077 405 sic
1108 380 1178 418 per
1205 365 1378 405 triduum

258 420 394 469 valuit,
424 427 483 468 ut,
509 433 745 471 quamquam
772 420 946 458 discessio
970 420 1069 459 facta
1093 432 1170 459 non
1189 427 1298 469 esset,
1319 427 1378 458 ta-

257 486 362 523 men,
396 482 532 525 praeter
549 487 703 526 paucos,
725 486 856 512 omnes
878 473 973 512 mihi
997 475 1184 513 assensuri
1203 474 1379 512 videren-

254 536 330 566 tur.
361 528 558 566 Hodierno
583 536 711 566 autem
731 528 806 574 die,
826 528 951 566 nescio
970 541 1048 579 qua
1067 529 1214 577 objecta
1234 541 1288 575 re,
1315 541 1378 567 re-

256 582 407 620 missior
439 590 592 620 senatus
621 582 722 620 fuit·
754 594 845 619 nam
875 582 1004 633 plures
1036 594 1120 620 eam
1151 582 1377 621 sententiam

258 636 377 674 secuti
395 643 497 683 sunt,
524 645 580 683 ut,
609 643 799 687 quantum
823 638 973 673 senatus
996 628 1213 684 auctoritas,
1240 643 1383 674 vester-

257 703 334 742 que
367 702 569 728 consensus
595 690 700 739 apud
724 689 945 727 Antonium
971 689 1158 729 valiturus
1181 697 1290 739 esset,
1310 703 1381 742 per

253 744 397 795 legatos
417 744 688 795 experiremur.

310 796 367 835 Ι1.
398 798 593 848 Intefligo,
608 797 792 845 Quirites,
806 811 829 836 a
842 797 949 836 vobIs
960 798 1061 836 hane
1072 797 1298 837 sententiam
1316 812 1378 837 re-

255 851 436 904 pudiari·
458 865 582 913 neque
600 852 754 901 injuria.
783 852 851 890 Ad
871 865 986 903 quem
1007 852 1108 890 enim
1126 852 1301 903 legatos?
1330 852 1380 891 ad

257 918 412 951 eumne,
433 906 515 957 qui,
541 906 703 957 pecunia
722 907 877 967 puplica
905 906 1088 957 dissipata
1106 914 1222 958 atque
1241 906 1378 955 effusa,

257 972 326 1011 per
345 959 424 997 vim
444 968 480 998 et
497 968 627 998 contra
645 960 813 1011 auspicia
830 960 1017 1011 impositis
1035 960 1180 1011 populo
1198 960 1381 999 Romano

256 1014 420 1064 legibuS,
447 1014 581 1064 fugata
606 1014 797 1063 concione,
826 1015 975 1052 obsesso
1005 1022 1152 1060 senatu,
1176 1013 1225 1051 ad
1250 1014 1380 1066 oppri-

253 1067 436 1106 mendam
451 1069 726 1119 rempublicam
738 1068 946 1106 Brundisio
960 1068 1125 1119 legiones
1138 1068 1344 1107 arcessierit
1359 1071 1379 1107 ?

255 1123 307 1161 ab
324 1121 384 1159 his
402 1122 567 1168 relictus,
581 1135 670 1160 cum
688 1122 881 1160 latronum
895 1135 1014 1159 manu
1028 1122 1067 1159 in
1089 1121 1257 1160 Galliam
1276 1122 1379 1160 irru-

259 1175 387 1226 perit;
416 1175 587 1213 Brutum
610 1184 831 1227 oppugnet;
862 1176 1062 1214 Mutinam
1092 1176 1378 1214 circumsedeat.

259 1228 363 1276 Quae
391 1229 497 1267 vobis
522 1236 657 1281 potest,
679 1243 768 1268 cum
792 1230 864 1268 hoc
889 1230 1110 1281 gladiatore,
1135 1229 1376 1279 conditionis,

257 1282 463 1334 aequitatiffi
483 1284 697 1334 legationis,
718 1297 796 1322 esse
814 1284 1069 1322 communitas
1086 1285 1104 1322 Ρ

309 1336 576 1388 Quamquam,
598 1337 781 1385 Quirites,
802 1351 879 1376 non
899 1345 954 1376 est
971 1337 1039 1375 illa
1055 1337 1208 1388 legatio,
1229 1336 1294 1376 sed
1308 1337 1380 1377 de-

255 1391 445 1428 nuntiatio
464 1391 569 1437 belli,
590 1391 663 1430 nisi
681 1392 859 1443 paruerit.
890 1393 954 1430 Ita
967 1391 1067 1429 enim
1090 1399 1146 1429 est
1163 1391 1374 1440 decretum,

256 1451 302 1482 ut
323 1444 356 1482 51
373 1445 490 1495 legati
514 1445 564 1482 ad
590 1445 851 1484 Hannibalem
875 1445 1125 1484 mitterentur.
1157 1445 1375 1485 Mittuntur

257 1498 375 1547 enim,
395 1498 463 1550 qui
481 1499 672 1547 nuntient,
692 1512 741 1538 ne
765 1507 961 1551 oppugnet
983 1499 1178 1537 consulem
1198 1499 1378 1551 designa·

255 1558 358 1600 tum,
376 1564 426 1590 ne
455 1553 655 1591 Mutinam
673 1554 857 1601 0115111831,
877 1566 926 1592 118
949 1553 1182 1605 provinciam
1202 1553 1376 1605 depopu-

253 1604 368 1653 letur,
395 1618 444 1645 ne
475 1606 641 1645 delectus
665 1607 818 1654 habeat,
845 1608 894 1646 sit
917 1607 958 1645 in
985 1610 1135 1645 senatus
1162 1607 1377 1659 populique

255 1659 426 1698 Romani
454 1668 648 1721 potestate.
689 1662 818 1700 Facile
850 1675 938 1700 vero
974 1661 1063 1699 huic
1093 1660 1373 1700 denuntiationi

254 1714 417 1765 parebit,
437 1723 482 1752 ut
499 1714 539 1751 in
558 1723 712 1775 patrum
732 1715 1028 1766 conscriptorum
1054 1722 1169 1765 atque
1187 1715 1225 1752 in
1246 1715 1373 1753 vestra

255 1771 440 1818 potestate
456 1768 518 1815 sit,
535 1769 602 1819 qui
620 1768 659 1806 in
675 1783 744 1807 5113
755 1781 956 1821 nunquam
967 1768 1107 1807 fuerit.
1098 1776 1112 1796 ν’
1143 1768 1251 1816 Quid
1270 1768 1372 1808 enim

254 1820 321 1859 isse
349 1833 523 1872 unquam
553 1822 707 1860 arbitrio
737 1836 805 1861 suo
834 1823 936 1870 fecit,
967 1834 1115 1873 semper
1144 1835 1188 1860 eo
1215 1829 1373 1871 tractus,

256 1887 334 1926 quo
350 1874 472 1913 libido
499 1876 640 1926 rapuit,
661 1889 738 1927 quo
763 1877 909 1924 levitas,
930 1889 1008 1928 quo
1026 1877 1144 1922 furor,
1165 1889 1243 1927 quo
1262 1877 1371 1914 vino-

252 1927 398 1966 1811113.
387 1938 402 1957 ³
431 1929 591 1980 Semper
621 1942 710 1967 eum
740 1930 817 1968 duo
846 1930 1045 1968 dissimilia
1070 1941 1209 1980 genera
1238 1938 1373 1968 tenue-

252 1990 358 2030 runt,
381 1983 565 2020 lenonum
588 1991 625 2021 et
649 1984 867 2022 latronum:
897 1985 952 2022 ita
976 1983 1189 2022 domesticis
1211 1984 1369 2045 stupris,

250 2036 465 2075 forensibus
494 2036 716 2088 parricidiis,
749 2038 970 2085 delectatur,
1001 2046 1046 2076 ut
1074 2037 1225 2074 mulieri
1257 2038 1371 2076 citius

252 2089 482 2129 avarissimae
511 2091 692 2142 paruerit,
717 2104 836 2143 quam
867 2092 1014 2130 senatui
1035 2091 1255 2143 populoque
1284 2091 1371 2129 Ro-

251 2154 380 2181 mano.

256 2222 264 2243 ,-
302 2196 385 2236 111.
416 2197 569 2249 Itaque,
599 2197 704 2251 quod
728 2198 848 2249 paulo
875 2207 963 2239 ante
979 2198 1053 2238 feci
1078 2199 1116 2237 in
1136 2206 1284 2246 58113111,
1307 2195 1368 2236 fa-
