1509 2397
367 80 432 120 IN
463 79 740 121 PISONEM.
771 80 878 120 CAP.
903 81 965 119 19.
1167 79 1220 123 47

97 189 359 242 collegiorum,
376 202 421 228 ea
442 189 609 240 denique
627 201 812 240 generum
824 180 1081 239 ordinumque
1099 185 1224 224 omni-

95 256 179 291 um,
201 258 287 296 quae
306 256 376 295 ego
394 256 472 281 non
500 243 615 281 modo
641 251 773 294 optare
798 254 1000 294 nunquam
1025 240 1220 286 auderem,

97 298 164 336 sed
183 298 346 349 cogitare
364 310 440 335 non
459 310 633 349 possem·
665 310 730 335 vos
743 304 871 335 autem
892 295 1139 347 sempiternas
1154 294 1223 332 foe-

97 351 262 389 dissimae
281 351 529 404 turpitudinis
547 359 655 389 notas
674 351 878 389 subieritis.

148 407 217 443 An
238 418 325 457 ego,
345 405 376 443 si
394 413 431 443 te
451 413 486 443 et
508 405 719 443 Gabinium
740 404 841 443 cruci
860 404 1017 443 suffixos
1036 402 1221 450 11ᾱ616111,

96 460 239 509 majore
258 459 424 497 afficerer
436 458 568 497 laetitia
587 472 635 496 ex
655 459 818 509 corporis
838 459 953 496 vestri
979 456 1220 504 laceratione,

97 526 215 565 quam
234 513 375 552 afficior
394 526 441 551 ex
455 513 598 551 famae?
629 513 799 551 Nullum
823 520 877 551 est
896 511 1128 563 supplicium
1148 523 1225 561 pu-

99 567 275 614 tandum,
299 580 376 619 quo
388 567 487 605 affici
505 580 594 605 casu
613 567 742 618 aliquo
761 567 876 604 etiam
894 566 986 604 boni
1005 565 1076 603 viri
1094 565 1227 602 fortes-

96 633 172 673 que
186 630 355 672 possunt.
385 622 520 672 Atque
538 621 610 659 hoc
629 621 787 672 quidem
806 621 921 659 etiam
935 620 999 657 isti
1013 618 1070 657 tui
1090 618 1224 656 dieunt

97 675 303 726 voluptarii
330 675 478 713 Graeci:
511 688 606 726 quos
631 675 781 712 utinam
800 674 853 713 ita
872 674 1035 721 audires,
1056 681 1100 710 ut
1119 679 1227 710 erant

98 729 307 767 audiendi!
339 742 541 780 nunquam
560 736 597 766 te
617 728 658 765 in
676 736 732 766 tot
761 728 906 789 flagitia
935 726 1222 779 ingurgitasses.

99 783 249 821 Verum
265 783 402 821 audis'
392 796 432 820 m
451 782 711 834 praesepibus3
742 783 880 821 audis·
870 795 910 820 111
927 781 1093 833 stupris·
1115 780 1227 819 audis

100 835 141 874 in
157 837 240 875 cibo
255 845 293 875 et
310 837 411 875 vino.
444 837 521 876 Sed
540 836 673 875 dicunt
691 836 753 874 isti
764 837 852 897 ipsi,
874 836 941 888 qui
959 835 1063 873 mala
1083 834 1225 880 dolore,

99 892 201 929 bona
227 892 437 942 voluptate,
473 890 673 939 definiunt,
707 891 930 942 sapientem,
963 890 1078 928 etiam
1108 888 1154 936 si,
1187 888 1228 926 in

101 944 318 983 Phalaridis
330 954 439 983 tauro
452 944 635 991 inclusus,
653 945 838 983 succensis
852 944 1006 995 ignibus
1026 950 1227 988 torreatur,

99 997 292 1037 dicturum
312 1006 455 1045 tamen,
477 1012 591 1037 suave
609 999 707 1037 iuud
727 1012 819 1046 esse,
841 1012 956 1050 seque
970 1011 1019 1036 ne
1031 997 1228 1036 tantulum

102 1052 259 1105 quidem
279 1053 520 1091 commoveri.
556 1053 726 1091 Tantam
746 1053 897 1091 virtutis
911 1066 989 1091 esse
1003 1065 1083 1090 nm
1097 1050 1229 1089 volue-

102 1114 207 1156 runt,
228 1114 272 1145 ut
289 1119 367 1145 non
385 1114 512 1159 posset
529 1120 704 1158 unquam
724 1120 802 1145 esse
825 1107 882 1145 vir
900 1109 1025 1145 bonus
1043 1118 1120 1143 non
1141 1107 1230 1143 bea-

101 1167 176 1199 tus.
217 1161 318 1209 Quae
345 1168 400 1200 est
425 1161 543 1212 igitur
568 1163 711 1213 poena?
742 1161 845 1212 quod
864 1160 1132 1220 supplicium?
1162 1157 1227 1206 Id,

103 1214 191 1253 mea
210 1215 409 1263 sententia,
430 1215 534 1267 quod
552 1215 719 1254 accidere
738 1215 884 1253 1161111111
901 1221 1040 1266 potest,
1068 1213 1142 1251 nisi
1159 1225 1230 1251 no-

105 1269 218 1317 centi,
239 1276 412 1320 suscepta
429 1269 549 1318 fraus,
565 1269 751 1320 impedita
763 1276 800 1307 et
818 1282 998 1321 oppressa
1015 1279 1125 1305 mens
1140 1278 1231 1305 con-

105 1322 275 1369 scientia,
295 1324 484 1360 bonorum
508 1323 684 1361 omnium
701 1322 849 1372 odium,
868 1331 960 1361 nota
980 1321 1103 1371 [justa
1120 1333 1230 1359 sena-

105 1377 202 1428 1ΐι5,]
224 1376 377 1414 amissio
395 1376 620 1428 dignitatis.

161 1430 283 1468 XIX.
314 1430 400 1468 Nec
417 1431 515 1468 mihi
533 1431 598 1469 ille
618 1430 679 1469 Μ.
700 1431 891 1481 Regulus,
923 1443 1040 1482 quem
1066 1429 1231 1468 Cartha-

107 1483 309 1535 ginienses,
336 1480 486 1523 resectfs
517 1485 723 1536 palpebris,
754 1485 947 1536 ilJigatum
973 1485 1013 1522 in
1037 1482 1232 1532 machina,

109 1537 304 1589 vigilando
323 1546 566 1586 necaverunt,
587 1539 774 1590 supplicio
789 1539 940 1577 videtur
959 1538 1140 1583 affectus;
1161 1549 1233 1575 nec

112 1590 158 1630 C.
179 1591 346 1639 Marius,
367 1606 483 1644 quem
500 1593 616 1631 Italia
630 1606 713 1631 serv
715 1601 777 1631 313
795 1595 843 1631 ab
861 1593 942 1640 1110,
963 1591 1202 1631 demersum
1192 1603 1234 1629 111

111 1644 444 1685 Minturnensium
463 1647 684 1698 paludibus,
701 1647 838 1686 Africa
849 1647 996 1685 devicta
1014 1647 1062 1684 ab
1083 1646 1232 1707 eodem,

111 1700 318 1751 expulsum
337 1708 375 1739 et
392 1701 639 1752 naufragum,
670 1700 777 1740 vidit.
821 1702 1004 1739 Fortunae
1033 1700 1137 1738 enim
1162 1699 1237 1737 ista

111 1753 189 1792 tela
216 1761 319 1798 sunt,
349 1767 427 1793 non
446 1755 596 1807 culpae;
625 1755 859 1807 supplicium
889 1765 1020 1793 autem
1046 1761 1102 1792 est
1123 1766 1237 1805 poena

112 1808 267 1860 peccati.
301 1809 441 1860 Neque
455 1823 543 1848 vero
561 1823 645 1871 ego²
667 1810 698 1848 si
717 1822 891 1861 unquam
910 1809 1017 1848 vobis
1028 1808 1133 1846 mala
1149 1820 1237 1859 pre-

115 1873 233 1909 carer,
254 1863 358 1914 quod
377 1877 476 1915 saepe
501 1864 588 1911 feci,
611 1864 668 1906 (in
688 1877 765 1916 quo
784 1864 854 1902 Dii
872 1863 1107 1901 immortales
1130 1874 1237 1900 meas

113 1927 240 1966 preces
258 1917 373 1955 audiv
375 1924 501 1964 erunt)
520 1920 716 1966 morbum,
730 1925 797 1956 aut
808 1925 987 1965 mortem,
1008 1924 1076 1954 aut
1094 1915 1238 1954 crucia-

116 1974 215 2017 tum,
246 1983 428 2021 precarer.
469 1972 663 2024 Tllyestea
688 1973 761 2010 ista
786 1972 990 2010 exsecratio
1009 1978 1078 2020 est,
1099 1973 1238 2022 poe'tae,

116 2023 225 2074 vulgi
243 2024 404 2074 animos,
423 2037 501 2064 non
520 2027 749 2078 sapientum,
768 2025 981 2064 moventis·

119 2112 149 2135 ‘⁶
169 2111 228 2152 Ut
245 2120 304 2161 tu,
324 2114 527 2166 naufragio
545 2115 744 2167 expulsus,
764 2114 917 2168 uspiam
943 2114 1046 2154 saxis
1063 2114 1164 2153 fixus
1183 2125 1244 2151 as·

119 2177 123 2180 ³
221 2167 336 2218 peris,
