1509 2397
243 151 324 188 228
470 150 810 190 PHILIPPICA
841 150 899 190 ΙΙ.
930 151 1035 190 CAP.
1065 150 1132 188 34.

241 257 369 296 brium
388 265 465 297 11011
483 258 627 298 fuisse:
652 260 715 297 5111
742 267 798 298 aet
815 259 945 320 aliqua
967 259 1025 297 vis
1052 258 1094 296 in
1111 257 1195 296 istis
1219 256 1358 305 verbis,

241 325 286 350 ea
299 326 387 363 quae
404 325 437 350 51
425 313 467 360 ’,1
487 327 612 364 augur
626 328 648 352 a
667 314 838 376 collega
824 314 986 365 requiro.

293 367 383 413 Sed,
403 380 451 405 ne
469 367 579 414 forte,
600 382 647 406 ex
667 368 781 405 multi
782 381 800 405 s
822 369 936 405 rebus
958 367 1073 418 gestis
1092 366 1154 405 M.
1174 364 1354 412 Antonii,

240 432 322 457 rem
342 433 461 458 unam
480 422 779 472 pulcherrimam
794 421 981 460 transiliat
995 420 1129 470 oratio,
1144 420 1194 458 ad
1206 420 1358 472 Luper-

241 474 337 512 calia
355 475 565 513 veniamus.

292 528 497 567 XXMV.
527 530 620 567 Non
639 529 867 576 dissimulat,
887 536 1013 580 patres
1031 527 1257 580 conscripti:
1285 541 1355 579 ap-

238 589 346 633 paret
382 596 463 621 esse
499 592 759 622 commotum·
803 558 929 629 sudat,
966 583 1107 635 pallet:
1149 582 1351 648 quidlibet,

237 636 354 674 modo
383 649 432 674 ne
460 650 555 675 naus
559 646 628 685 eet,
658 638 785 685 faciat,
818 638 921 688 quod
945 637 986 675 in
1006 637 1154 689 porticu
1175 634 1353 674 Minucia

236 690 336 728 fecit.
367 690 467 737 Quae
486 700 609 742 potest
627 705 707 730 esse
737 691 986 743 turpitudinis
1004 699 1120 729 tantae
1150 690 1320 729 defensio
1332 692 1351 728 9

238 744 364 796 Cupio
382 745 538 790 audire3
569 754 612 783 ut
631 745 795 793 videam,
809 746 877 783 ubi
895 746 1053 783 rhetoris
1072 752 1178 784 tanta
1196 757 1352 790 11151555,

235 799 303 836 ubi
323 811 479 849 campus
498 800 723 846 Leontinus,
738 807 931 864 appareat.
961 798 1153 838 sedebat
1142 811 1183 836 111
1201 797 1355 837 Rostris

235 853 379 903 collega
398 860 500 899 tuus,
522 854 683 892 amictus
703 854 791 905 toga
816 867 1024 905 purpurea,
1051 853 1092 890 in
1111 853 1205 891 sella
1223 865 1352 899 aurea,

234 914 445 944 coronatus.
474 907 716 953 Adscendis3
747 908 891 946 accedis
916 907 965 945 ad
990 907 1152 952 sellam3
1183 906 1253 949 (ita
1271 919 1354 944 eras

235 960 449 1011 Lupercus,
477 969 521 999 ut
550 968 587 999 te
613 963 806 1000 consulem
833 975 911 1000 esse
934 961 1153 999 meminisse
1180 960 1353 1007 deberes)

233 1014 410 1053 diadema
434 1015 610 1053 ostendis.
653 1016 830 1054 Gemitus
855 1023 934 1054 toto
956 1015 1050 1054 foro.
1086 1014 1202 1053 Unde
1224 1013 1355 1052 diade-

235 1071 332 1107 ma?
361 1081 436 1107 non
462 1070 564 1107 en'rm
591 1071 784 1119 abjectum
812 1070 1044 1115 sustuleras,
1033 1083 1044 1093 ·
1076 1069 1142 1107 sed
1171 1067 1352 1106 attuleras

234 1122 350 1160 domo
368 1123 596 1161 meditatum
627 1133 663 1162 et
688 1124 896 1176 cogitatum
921 1123 1054 1162 scelus.
1084 1122 1150 1160 Tu
1176 1121 1354 1160 diadema

232 1176 456 1227 imponebas
485 1190 574 1215 eum
603 1179 786 1229 plangore
813 1178 973 1229 populi3
1003 1178 1069 1216 ille
1096 1189 1186 1215 cum
1214 1177 1355 1227 plausu

234 1231 438 1280 rejiciebat.
469 1231 535 1269 Tu
555 1245 642 1292 ergo
663 1245 778 1279 unus,
793 1233 983 1279 scelerate,
1002 1231 1179 1269 inventus
1191 1243 1244 1276 es,
1269 1228 1352 1281 qui,

234 1297 324 1322 cum
343 1294 474 1323 auctor
502 1287 609 1336 regni
630 1299 740 1333 esses,
762 1299 867 1334 eum,
893 1298 1011 1337 quem
1031 1285 1218 1335 collegam
1235 1283 1355 1321 habe-

233 1340 316 1385 bas,
338 1339 466 1377 domin
454 1352 540 1377 11111
543 1319 698 1378 ohabere
717 1341 858 1385 velles3
890 1348 926 1377 et
944 1339 1047 1377 idem
1064 1346 1241 1386 tentares,
1261 1336 1356 1388 quid

232 1393 398 1444 populus
418 1393 620 1431 Romanus
638 1394 734 1432 ferre
753 1402 790 1432 et
807 1393 888 1446 pati
906 1400 1043 1445 posset.

286 1448 346 1485 At
373 1447 487 1485 etiam
510 1448 806 1486 misericordiam
831 1449 1032 1499 captabas:
1064 1447 1226 1498 supplex
1245 1452 1282 1483 te
1303 1444 1354 1483 ad

230 1501 346 1562 pedes
376 1501 603 1550 abjiciebas:
641 1502 735 1553 quid
766 1504 932 1554 petens?
967 1508 1011 1539 ut
1044 1500 1228 1539 servires?
1257 1499 1351 1537 Tibi

231 1555 301 1593 uni
319 1563 478 1607 peteres,
504 1555 574 1607 qui
591 1556 646 1594 ita
660 1569 683 1593 a
706 1569 825 1608 puero
851 1556 1012 1601 vixeraS,
1036 1562 1081 1593 ut
1097 1554 1228 1593 omnia
1244 1560 1351 1605 pate-

232 1621 328 1656 rere,
349 1617 394 1647 ut
423 1609 534 1648 facile
552 1610 731 1648 servires:
763 1624 786 1648 a
803 1610 913 1648 nobis
930 1610 1151 1661 populoque
1173 1608 1352 1646 Romano

231 1663 460 1701 mandatum
479 1664 519 1701 id
537 1672 636 1702 certe
649 1676 726 1702 non
745 1664 922 1702 habebas.
953 1663 991 1701 O
1010 1663 1229 1714 praeclaram
1244 1661 1353 1698 illam

230 1717 500 1782 eloquentiam
508 1726 630 1765 tuam,
645 1731 733 1756 cum
747 1731 784 1756 es
798 1718 926 1756 nudus
937 1715 1207 1755 concionatus!
1243 1713 1352 1762 Quid

228 1769 303 1808 hoc
321 1770 504 1821 turpius?
533 1771 628 1822 quid
646 1771 814 1810 foedius?
844 1771 939 1823 quid
958 1770 1152 1822 suppliciis
1170 1769 1351 1807 omnibus

232 1823 422 1875 dignius?
453 1825 564 1862 Num
584 1833 791 1876 exspectas,
813 1825 908 1863 dum
927 1832 965 1862 te
983 1824 1149 1862 stimulis
1171 1823 1351 1861 fodiam?

231 1876 314 1916 haec
332 1886 384 1925 te,
405 1877 436 1916 si
465 1879 586 1916 ullam
604 1887 752 1930 partem
779 1881 909 1918 55115115
930 1879 1062 1925 habes,
1089 1878 1242 1923 lacerat,
1268 1877 1351 1915 haee

230 1939 417 1980 cruentat,
433 1932 563 1970 oratio.
585 1932 744 1981 Vereor,
757 1945 807 1972 ne
818 1932 1049 1971 imminuam
1063 1932 1231 1970 virorum
1243 1943 1352 1969 sum-

232 1998 387 2024 morum
416 1986 604 2037 gloriam:
636 1986 761 2025 dicam
797 1992 927 2025 tamen
959 1986 1088 2024 dolore
1125 1991 1350 2024 commotus.

232 2038 342 2086 Quid
369 2040 578 2091 indignius,
603 2053 722 2092 quam
747 2040 873 2079 vivere
902 2053 1006 2088 eum,
1030 2039 1099 2091 qui
1127 2037 1351 2090 imposuerit

231 2092 421 2141 diadema,
438 2107 527 2132 cum
545 2106 678 2133 omnes
695 2094 888 2133 fateantur
897 2095 984 2145 jure
997 2093 1239 2132 interfectum
1257 2104 1351 2138 esse,

230 2147 299 2198 qui
318 2149 495 2197 abjecerit
509 2151 528 2187 9

283 2201 342 2239 At
361 2202 476 2240 etiam
500 2202 662 2243 adscribi
685 2203 800 2254 jussit
824 2202 865 2242 in
888 2202 1013 2243 Fastis
1034 2202 1083 2242 ad
1113 2199 1356 2253 Lupercalia,
