1555 2433
369 102 486 144 PRO
513 102 722 144 BALBO.
752 103 858 143 CAP.
887 102 952 142 23.
1168 103 1222 142 23

109 212 232 262 feriet,
247 211 361 260 erit,’'
379 211 519 264 inquit,
540 215 570 237 ‘⁶
581 213 680 252 mihi
699 211 1037 263 Carthaginiensis,
1051 210 1225 264 quisquis

112 267 196 316 erit,
217 267 351 316 cujatis
366 267 409 313 ;”
439 266 529 316 [etsi
557 267 599 305 id
627 267 769 306 habent
792 278 923 305 omnoe
947 266 1043 314 leve,
1071 273 1107 304 et
1126 278 1226 304 sem-

111 334 178 373 per
195 320 445 373 habuerunt]
476 321 614 372 Itaque
633 328 669 360 et
687 322 786 359 cives
805 320 976 372 undique
993 320 1108 358 fortes
1127 320 1226 358 viros

110 374 360 421 adsciverunt,
387 382 425 413 et
453 374 656 413 hominum
677 375 907 426 ignobilium
930 373 1111 412 virtutem
1139 386 1226 426 per-

108 441 208 480 saepe
224 428 432 466 nobilitatis
449 428 596 467 inertiae
612 430 873 480 praetulerunt.

162 482 332 520 XXIII.
363 482 527 520 Habetis
544 482 818 534 imperatorum
839 494 1092 529 summorum,
1110 487 1147 520 et
1167 494 1225 520 sa-

109 535 432 597 pientissimorum
463 535 681 584 hominum,
714 536 1010 574 clarissimorum
1040 536 1223 581 virorum,

106 590 456 641 interpretationem
482 590 580 639 juris
599 603 641 628 ac
660 590 873 628 foederum:
905 590 1004 627 dabo
1024 589 1138 627 etiam
1160 590 1225 639 ju-

107 643 252 692 dicum,
281 644 350 696 qui
371 644 461 682 huic
489 644 689 695 quaestioni
713 644 977 705 praefuerunt3
1007 643 1106 682 dabo
1137 643 1226 681 uni-

107 698 206 736 versi
236 697 370 749 populi
393 698 591 743 Romani3
624 705 661 736 et
690 698 788 736 dabo
814 697 1094 736 sanctissimum
1121 697 1226 747 judi-

107 751 212 790 cium
231 754 392 790 senatus.
421 752 451 790 J
453 751 580 789 udloes
594 764 682 790 cum
698 765 777 804 prae
796 765 835 790 se
852 751 1005 797 ferrent,
1018 752 1226 803 palamque

106 805 366 857 loquerentur,
397 805 491 857 quid
516 813 640 844 essent
661 806 744 857 lege
769 805 892 857 Papia
916 805 965 843 de
991 804 1053 843 M.
1074 805 1225 852 Crasso,

108 858 355 898 Mamertinis
393 860 662 910 repetentibus,
702 860 910 909 judicaturi
926 873 938 905 ς
980 859 1223 907 Mamertini,

106 913 260 964 publice
278 914 451 964 suscepta
471 914 596 960 causa,
618 914 854 952 destiterunt.
885 913 1022 961 Multi,
1039 913 1080 951 in
1095 913 1225 951 civita-

106 973 185 1005 tem
204 967 343 1018 recepti
362 980 409 1005 ex
423 966 550 1006 liberis
564 968 828 1019 foederatisque
842 967 1009 1019 populis,
1026 974 1116 1005 sunt
1129 967 1225 1006 libe-

107 1020 203 1058 rati:
234 1033 346 1059 nemo
372 1033 544 1072 unquam
566 1029 621 1060 est
647 1022 693 1060 de
712 1023 863 1060 civitate
888 1029 1099 1069 accusatus,
1120 1021 1225 1073 quod

106 1081 175 1112 aut
192 1075 358 1126 populus
379 1075 524 1113 fundus
547 1076 669 1114 factus
692 1089 770 1114 non
793 1083 901 1123 esset,
923 1083 990 1114 aut
1017 1075 1134 1128 quod,
1155 1075 1225 1113 foe-

106 1127 208 1178 dere,
242 1128 400 1167 civitatis
432 1129 627 1168 mutandae
654 1131 718 1180 jus
747 1130 1009 1181 impediretur.
1056 1129 1224 1167 Audebo

107 1182 222 1220 etiam
239 1182 312 1221 hoc
330 1183 568 1231 contendere,
589 1196 791 1236 nunquam
810 1197 890 1223 esse
909 1183 1221 1231 condemnatum,

103 1248 224 1286 quem
242 1243 427 1275 constaret
457 1239 506 1276 ab
537 1237 764 1289 imperatore
781 1246 910 1277 nostro
935 1237 1087 1277 civitate
1105 1236 1223 1275 dona-

105 1296 204 1328 tum

159 1343 386 1394 Cognoscite
403 1356 506 1384 nunc
522 1345 657 1397 populi
676 1345 846 1384 Romani
862 1345 1067 1395 judicium,
1087 1343 1223 1383 multis

104 1397 218 1435 rebus
236 1397 517 1449 interpositum,
537 1406 652 1450 atque
676 1400 717 1436 in
735 1399 915 1437 maximis
941 1398 1062 1437 causis
1081 1411 1121 1436 re
1138 1398 1223 1450 ipsa

103 1457 221 1502 atque
237 1464 310 1489 usu
334 1453 635 1503 comprobatum.
667 1452 769 1491 Cum
788 1453 938 1491 Latinis
956 1452 1136 1490 omnibus
1154 1452 1224 1490 foe-

103 1503 176 1542 dus
194 1504 328 1553 ictum,
359 1506 425 1556 Sp.
446 1505 590 1556 Cassio,
613 1507 815 1545 Postumio
835 1506 1027 1554 Cominio,
1056 1505 1223 1544 oonsuli-

104 1558 191 1607 bus,
211 1559 297 1610 quis
315 1559 498 1620 ignorat?
528 1561 631 1612 quod
658 1561 815 1623 quidem
836 1572 960 1612 nuper
983 1561 1024 1598 in
1044 1557 1222 1598 columna

103 1612 210 1651 aenea
226 1612 475 1651 meminimus
488 1623 574 1675 post
585 1615 747 1654 Rostra
736 1615 899 1653 mcisum
913 1622 949 1653 et
967 1613 1221 1666 perscriptum

104 1665 231 1705 fuisse.
262 1666 469 1729 Quomodo
497 1668 614 1719 igitur
636 1669 685 1707 1..
707 1668 903 1708 Cossinius
929 1669 1088 1716 Tiburs,
1113 1675 1222 1719 pater

102 1719 222 1770 hujus
239 1721 378 1772 equitis
397 1721 580 1771 Romani,
600 1723 737 1775 optimi
754 1730 869 1775 atque
886 1721 1115 1761 ornatissimi
1133 1721 1219 1769 viri,

104 1773 285 1813 damnato
303 1775 355 1814 Τ.
383 1775 516 1825 Coelio,
548 1777 739 1829 quomodo
761 1791 809 1816 ex
835 1776 967 1816 eadem
993 1776 1145 1815 civitate
1163 1775 1217 1814 T.

104 1827 313 1879 Coponius,
347 1829 438 1869 civis
469 1830 561 1869 item
595 1832 749 1870 summa
777 1831 918 1871 virtute
949 1838 987 1870 et
1018 1830 1218 1882 dignitate,

105 1882 278 1934 (nepotoe
295 1883 348 1922 Τ.
367 1891 405 1922 et
424 1883 469 1923 C.
484 1884 672 1937 Coponios
690 1886 825 1935 nostis)
845 1885 1026 1924 damnato
1040 1885 1085 1923 C.
1107 1883 1220 1922 Mas-

104 1947 209 1996 sone,
231 1936 321 1976 civis
339 1937 540 1978 Romanus
559 1947 614 1978 est
632 1940 777 1980 factus.
767 1943 784 1969 ⁹
813 1940 882 1978 An
900 1939 1036 1990 lingua
1055 1944 1092 1976 et
1110 1938 1220 1989 inge-

103 1988 170 2028 nio
185 1990 355 2041 patefieri
371 1991 496 2032 aditus
514 1993 563 2032 ad
580 1994 770 2033 civitatem
784 1993 923 2046 potuit,
944 2005 1064 2031 manu
1087 1999 1125 2030 et
1142 1991 1218 2030 vir-

105 2047 188 2082 tute
204 2055 282 2083 non
299 2046 454 2097 potuit?
482 2047 600 2087 Anne
613 2048 660 2087 de
671 2049 780 2087 nobis
798 2048 947 2086 trahere
961 2047 1082 2099 spolia
1099 2045 1217 2084 foede-

105 2096 195 2136 ratis
212 2097 354 2148 licebit,
373 2100 421 2138 de
438 2100 610 2141 hostibus
628 2114 706 2142 non
735 2103 896 2141 licebit?
925 2101 995 2139 An
1025 2099 1129 2153 quod
1148 2099 1215 2138 ad-

104 2147 212 2201 ipisci
229 2156 407 2205 poterunt
423 2154 595 2207 dicendo,
614 2156 655 2196 id
673 2156 726 2197 eis
743 2155 893 2209 assequi
911 2154 1121 2208 pugnando
1137 2164 1215 2193 non
