1509 2397
240 109 319 145 212
468 105 811 144 PHILIPPICA
841 106 899 145 Π.
930 104 1035 144 CAP.
1071 107 1132 144 16.

245 219 342 262 iem,
363 213 525 253 videbat.
569 213 656 265 Ego
674 214 929 252 incolumitati
955 213 1096 252 civium
1112 213 1300 265 primum,
1330 222 1369 252 et

247 274 379 320 postea
397 267 598 319 dignitati3
628 268 693 306 ille
707 268 882 319 praesenti
901 267 1079 319 dignitati
1094 267 1222 319 potius
1235 279 1372 306 consu-

247 323 363 360 lebat.
393 321 510 370 Quod
527 329 656 360 autem
667 322 833 360 habebat
846 328 1007 373 uterque
1019 321 1122 373 quod
1137 328 1371 372 sequeretur,

247 376 387 414 idcirco
416 376 646 414 tolerabilior
673 384 752 414 erat
781 386 909 413 nostra
927 375 1118 419 dissensio.
1155 374 1265 422 Quid
1282 381 1373 413 vero

248 430 315 468 ffle
333 430 535 480 singularis
554 430 624 475 vir,
647 443 689 467 ac
718 442 826 480 paene
845 429 1010 477 divinus,
1043 429 1090 467 de
1111 442 1176 466 me
1201 428 1371 476 senserit,

252 484 391 530 sciunt,
413 483 480 535 qui
499 496 588 521 eum
608 483 654 521 de
675 482 892 521 Pharsalica
918 483 1013 535 fuga
1039 483 1220 534 Paphum
1244 495 1375 534 prose-

253 538 333 576 cuti
352 545 453 576 sunt.
483 538 700 588 Nunquam
720 539 768 575 ab
788 550 831 575 eo
845 538 989 575 ment-io
1008 536 1056 575 de
1073 549 1150 584 me,
1166 535 1240 574 nisi
1253 535 1375 574 hono-

251 592 371 637 rifica,
392 591 466 629 nisi
483 592 597 642 plena
612 591 831 629 amicissimi
845 591 1040 636 desiderii3
1062 603 1151 629 cum
1162 603 1227 628 me
1236 589 1376 628 vidisse

248 646 341 698 Plus
355 645 549 690 fateretur,
571 658 610 682 se
629 645 834 695 speravisse
851 645 1021 683 meliora.
1050 645 1106 683 Et
1123 645 1205 694 ejus
1219 644 1292 682 viri
1305 656 1376 682 no-

253 699 360 737 mine
378 712 441 736 me
455 699 628 737 insectari
644 699 774 747 audes,
797 700 906 748 cujus
924 712 987 737 me
1007 699 1192 746 amicum,
1207 704 1246 736 te
1257 705 1378 736 secto-

255 766 352 800 rem,
374 766 451 790 esse
469 752 610 790 fateare
625 755 642 790 ἓ

309 806 428 845 XVI.
460 806 535 845 Sed
554 806 752 844 omittatur
769 806 918 845 bellum
936 806 1048 854 illud,
1078 806 1120 844 in
1145 818 1224 858 quo
1247 812 1291 844 tu
1317 805 1379 843 ni-

251 860 383 899 ‘mium
401 860 496 898 felix
512 860 630 898 fuisti.
662 861 725 899 Ne
740 861 835 910 jocis
855 860 1011 912 quidem
1026 859 1276 912 respondebo,
1292 859 1380 911 qui-

255 916 329 953 bus
340 927 403 952 me
416 914 457 951 in
470 914 598 952 castris
611 927 727 952 usum
743 927 821 953 esse
833 914 975 952 dixisti.
986 927 988 930 ’
1005 915 1130 953 Erant
1141 913 1209 952 ina
1220 913 1379 965 quidem

256 976 377 1006 castra
396 968 510 1019 plena
529 981 655 1006 curae:
687 976 951 1006 verumtamen
979 968 1170 1016 homines,
1202 967 1380 1019 quamvis

250 1022 296 1060 in
314 1021 477 1060 turbidis
491 1023 604 1060 rebus
622 1022 710 1069 sint,
731 1030 877 1070 tamen,
899 1022 930 1060 si
947 1022 1063 1061 modo
1081 1021 1256 1060 homines
1272 1028 1377 1069 sunt,

254 1075 451 1114 interdum
470 1075 608 1114 animis
627 1076 858 1114 relaxantur.
889 1076 1007 1124 Quod
1019 1083 1148 1114 autem
1162 1075 1266 1113 idem
1284 1087 1380 1113 moe-

257 1130 400 1168 stitiam
418 1142 547 1167 meam
565 1130 820 1181 reprehendit,
841 1130 944 1168 idem
960 1131 1091 1180 jocum
1109 1143 1121 1175 ;
1149 1141 1295 1180 magno
1319 1141 1380 1167 ar-

255 1190 442 1234 gumento
457 1193 526 1230 est,
541 1196 605 1222 me
620 1184 660 1221 in
680 1191 844 1235 utroque
861 1184 978 1222 fuisse
997 1183 1250 1222 moderatum.

313 1237 568 1275 Haereditates
582 1237 680 1275 mihi
690 1239 839 1289 negasti
846 1238 985 1276 venire.
1005 1238 1169 1276 Utinam
1179 1237 1253 1275 hoc
1264 1242 1379 1274 tuum

261 1304 395 1330 verum
415 1291 557 1329 crimen
577 1292 697 1330 &setl
729 1293 858 1343 plures
877 1292 990 1330 amici
1015 1291 1094 1330 mei
1114 1298 1151 1330 et
1182 1290 1382 1330 necessarii

258 1346 440 1384 viverent.
485 1345 561 1383 Sed
579 1348 648 1396 qui
671 1345 769 1384 istuc
787 1346 857 1384 tibi
882 1346 986 1384 venit
1009 1345 1052 1383 in
1077 1347 1282 1384 mentem?
1311 1357 1382 1396 ego

258 1400 362 1438 enim
381 1399 548 1450 amplius
568 1399 639 1438 HS
666 1399 861 1439 ducenties
880 1406 1078 1452 acceptum
1095 1398 1382 1437 haereditatibus

257 1453 384 1492 retuli.
415 1453 668 1505 Quamquam
693 1453 734 1490 in
761 1453 835 1492 hoc
860 1466 998 1505 genere
1026 1453 1146 1491 fateor
1174 1452 1382 1492 feliciorem

257 1511 338 1546 esse
351 1515 399 1545 te.
414 1507 486 1545 Me
497 1519 625 1555 nemo,
638 1507 713 1545 nisi
727 1507 886 1556 amicus,
900 1507 988 1545 fecit
997 1506 1204 1554 hau-edem,
1216 1513 1276 1556 ut,
1289 1519 1380 1545 cum

257 1562 325 1599 illo
345 1560 559 1609 conunod0,
577 1561 608 1599 si
623 1561 726 1612 quod
741 1568 834 1609 erat,
848 1561 968 1599 animi
986 1561 1145 1613 quidam
1164 1560 1272 1599 dolor
1285 1561 1380 1611 jun-

250 1623 439 1666 'gereturr
461 1622 498 1653 te
526 1615 572 1663 is,
605 1628 723 1666 quem
753 1623 795 1653 tu
818 1615 945 1653 vidisti
964 1627 1183 1666 nunquam,
1215 1614 1264 1652 L.
1292 1614 1379 1652 Ru-

253 1669 364 1707 brius
376 1669 568 1717 Cassinas,
583 1668 672 1706 fecit
683 1667 885 1706 haeredem.
905 1669 961 1707 Et
975 1668 1132 1721 quidem
1146 1667 1246 1715 vide,
1260 1680 1380 1720 quam

249 1725 297 1772 'te
316 1722 455 1760 amarit
473 1722 518 1769 is,
539 1722 622 1772 qui,
639 1722 749 1761 albus
760 1730 886 1761 aterve
901 1722 1033 1770 fueris,
1049 1722 1241 1773 ignorans,
1255 1721 1382 1760 fratris

259 1776 386 1814 filium
405 1775 610 1827 praeteriit3
641 1775 693 1823 Q.
715 1776 839 1823 Furii,
858 1776 1113 1815 honestissimi
1135 1776 1273 1828 equitis
1300 1777 1384 1815 Ro-

257 1829 379 1877 mani,
393 1830 529 1881 suique
548 1828 780 1877 amicifflimi,
796 1843 913 1882 quem
930 1831 1062 1882 palam
1079 1829 1270 1869 haeredem
1285 1843 1385 1868 sem-

258 1898 329 1936 per
339 1883 543 1929 factitarent,
557 1896 605 1921 ne
619 1896 757 1922 nomen
770 1884 928 1936 quidem
938 1884 1154 1937 perscripsit
1166 1898 1178 1931 3
1200 1891 1251 1931 te,
1268 1889 1386 1936 quem

259 1946 463 1989 nunquam
482 1937 640 1983 viderat,
661 1951 704 1976 ac
721 1951 924 1990 nunquam
943 1939 1186 1986 salutaverat,
1201 1938 1290 1977 fecit
1302 1938 1383 1990 Qe-

259 1992 403 2031 redem.
433 1978 564 2030 {selim
575 1991 674 2029 mihi
688 1992 804 2040 dicas,
817 1993 893 2031 nisi
905 1993 1112 2032 molestum
1126 1999 1195 2039 est,
1210 1992 1258 2030 L.
1275 1991 1381 2030 Tur·

251 2046 373 2085 'selius
391 2045 583 2096 quassatae
598 2045 729 2093 fuerit,
761 2047 839 2098 qua
867 2046 1026 2095 stanna,
1057 2059 1134 2099 quo
1151 2045 1377 2098 municipio,

257 2100 337 2151 qu‘a
355 2099 429 2138 trib
474 2099 622 2138 Nihil
642 2100 732 2148 scio,
750 2100 915 2152 inquies,
943 2101 1018 2139 nisi
1036 2113 1124 2153 quae
1147 2100 1292 2152 praedia
1307 2099 1380 2137 ha-

254 2153 395 2193 buerit.
475 2144 566 2203 'fist'
584 2154 742 2192 fratrem
761 2154 1020 2203 exhaeredans,
1033 2163 1070 2194 te
1086 2154 1378 2193 faciebathaere-

255 2206 363 2248 dem.
407 2208 457 2247 In
478 2209 622 2248 multas
642 2215 825 2261 praeterea
852 2209 1031 2261 pecunias
1060 2208 1379 2249 alienissimorum
