1509 2397
228 84 300 123 112
468 85 580 126 PRO
611 84 856 126 MILONE.
888 88 991 126 CAv.
1023 88 1088 125 3³2.

218 192 438 244 Religiones
458 193 706 242 (mehercule)
725 195 831 246 ipsae,
852 207 939 246 quae
957 195 1063 232 illam
1082 193 1254 233 belluam
1272 206 1335 232 ca-

215 246 303 285 dere
323 247 512 294 viderunt,
543 251 754 286 commosse
783 262 821 286 se
846 249 1036 296 videntur,
1064 256 1101 286 et
1125 248 1189 297 jus
1207 247 1247 285 in
1265 247 1334 288 illo

215 312 330 338 suum
358 301 567 340 retinuisse.
598 302 680 340 Vos
699 303 802 340 enim
824 303 922 352 jam,
942 301 1090 340 Albani
1114 301 1258 339 tumuli
1275 308 1333 339 at·

215 367 292 405 que
309 354 400 401 luci,
422 368 502 402 vos,
522 355 697 406 inquam,
718 356 881 407 imploro
894 363 1009 407 atque
1027 362 1157 402 testor,
1173 367 1332 406 vosque,

213 408 460 446 Albanorum
492 410 638 447 obrutae
665 423 752 455 arae,
780 422 971 448 sacrorum
1000 409 1136 460 populi
1165 408 1336 447 Romani

215 461 324 499 sociae
343 469 379 500 et
398 463 576 514 aequales,
597 476 692 514 quas
714 463 792 510 ille,
821 476 988 514 praeceps
1018 463 1198 509 amentia,
1230 462 1334 500 caesis

214 515 487 576 prostratisque
516 517 759 554 sanctissimis
786 518 896 564 lucis,
921 516 1246 555 substructionum
1274 515 1335 554 in-

215 569 316 607 sanis
344 570 510 608 molibus
539 578 797 621 oppresserat,
787 584 796 593 ·
828 578 960 608 vestrae
983 579 1069 608 tum
1093 583 1181 616 arae,
1201 576 1336 608 vestrae

215 622 662 674 religionesviguerunn
678 637 741 662 ves
744 632 801 662 tra
809 623 865 662 vis
876 624 1010 671 valuit,
1025 636 1143 675 quam
1153 624 1219 661 1113
1230 623 1337 660 omni

216 677 353 714 scelere
371 677 584 728 polluerat3
606 685 737 728 tuque,
756 691 803 715 ex
818 686 885 715 tuo
897 678 998 716 edito
1008 684 1152 725 monte,
1168 677 1333 715 Latiaris

216 738 344 768 sancte
372 731 401 768 J
404 744 471 781 up
475 740 542 779 ter,
574 732 682 780 cujus
711 732 776 769 ille
800 732 918 775 lacus,
945 744 1116 778 nemora,
1147 730 1332 782 finesque,

215 796 315 834 saepe
334 785 440 822 omni
460 785 602 823 nefario
621 793 753 835 stupro
780 792 816 823 et
846 785 983 823 scelere
1009 785 1234 831 macularat,
1265 784 1335 822 311·

216 837 371 888 quando
389 839 438 875 ad
464 851 552 875 eum
571 839 812 899 puniendum
838 839 967 877 oculos
990 838 1197 890 aperuisti:
1227 837 1334 876 vobis

214 890 305 938 illae,
322 891 428 929 vobis
448 900 570 929 vestro
581 893 620 929 in
636 901 853 943 conspectu,
869 905 974 939 serae,
995 892 1060 930 sed
1075 893 1191 942 justae
1205 898 1335 930 tamen

216 951 253 982 et
272 944 423 992 debitae,
444 957 565 996 poenae
593 946 727 984 solutae
747 954 847 984 sunt.
889 946 978 984 Nisi
1001 946 1099 984 forte
1127 946 1199 984 hoc
1218 945 1335 983 etiam

215 1011 304 1036 casu
323 999 468 1036 factum
488 1012 565 1037 esse
583 1000 766 1045 dicemus,
787 1007 845 1046 ut,
875 1007 962 1038 ante
981 999 1108 1050 ipsum
1128 999 1332 1037 sacrarium

215 1052 338 1090 Bonae
366 1052 475 1099 Deae,
510 1053 614 1104 quod
644 1060 699 1091 est
727 1054 767 1090 in
787 1053 908 1091 fundo
926 1053 977 1091 T.
998 1052 1120 1092 Sextii
1146 1053 1265 1100 Galli,
1292 1053 1334 1091 in

214 1105 350 1156 primis
369 1106 516 1144 honesti
536 1114 572 1144 et
593 1107 716 1144 ornati
735 1107 993 1153 adolescentis,
1015 1114 1103 1145 ante
1120 1106 1259 1168 ipsam,
1276 1106 1335 1145 in·

215 1172 348 1210 quam,
382 1160 535 1199 Bonam
562 1160 702 1208 Deam,
737 1173 827 1198 cum
856 1161 1036 1212 proelium
1068 1160 1332 1208 commisisset,

213 1213 385 1282 primum
405 1213 502 1251 illud
517 1215 656 1252 vulnus
671 1214 868 1265 acciperet,
883 1227 960 1265 quo
979 1214 1213 1252 teterrimam
1231 1226 1335 1252 mor-

215 1274 293 1304 tem
318 1268 466 1311 obiret,
457 1281 466 1290 ·
497 1276 541 1304 ut
560 1279 637 1305 non
656 1268 853 1305 absolutus
869 1267 1013 1317 judicio
1031 1267 1099 1305 1110
1117 1267 1262 1306 nefario
1279 1267 1335 1306 vi-

214 1320 380 1367 deretur,
401 1297 468 1358 sed
487 1321 535 1358 ad
554 1321 675 1359 hanc
664 1322 855 1372 insignem
873 1334 1026 1372 poenam
1045 1329 1267 1360 reservatus.

270 1374 458 1412 ΧῖλΙΙ.
490 1375 575 1413 Nec
593 1387 680 1413 vero
698 1387 776 1413 non
803 1375 970 1414 eadem
960 1388 1016 1413 113
1041 1375 1216 1414 Deorum
1233 1375 1334 1414 hanc

213 1428 297 1477 ejus
317 1428 542 1466 satellitibus
561 1429 689 1477 injecit
719 1429 941 1477 amentiam,
972 1436 1030 1477 ut,
1057 1428 1137 1467 sine
1155 1429 1335 1490 imagini-

213 1483 301 1530 bus,
323 1482 403 1520 sine
422 1490 535 1520 cantu
555 1491 670 1533 atque
687 1483 804 1529 ludis,
836 1483 918 1520 sine
948 1483 1152 1534 exsequiis,
1178 1483 1260 1521 sine
1277 1483 1335 1521 la-

212 1536 367 1583 mentis,
382 1536 462 1574 sine
476 1536 775 1583 laudationibus,
792 1536 872 1574 sine
886 1536 1032 1583 funere,
1049 1536 1191 1574 oblitus
1203 1548 1334 1575 cruore

215 1596 252 1626 et
269 1589 366 1637 luto,
387 1590 570 1641 spoliatus
585 1590 688 1628 illius
708 1591 877 1641 supremi
895 1590 970 1629 diei
982 1590 1197 1628 celebritate
1215 1602 1334 1642 quam

213 1643 415 1681 concedere
427 1643 541 1681 etiam
557 1643 702 1682 inimici
717 1645 853 1692 solent,
870 1646 1135 1682 ambureretur
1148 1644 1331 1693 abjectus.

213 1696 307 1734 Non
326 1696 442 1735 fuisse
460 1697 570 1735 credo
588 1697 658 1743 fas,
686 1697 980 1736 clarissimorum
1001 1697 1169 1735 virorum
1194 1697 1336 1736 formas

213 1748 272 1786 1111
291 1751 482 1788 teterrimo
500 1751 698 1812 parricidae
716 1751 862 1812 aliquid
880 1751 1023 1790 decoris
1042 1751 1187 1798 afferre,
1208 1763 1334 1802 neque

213 1803 324 1840 ullo
313 1815 352 1840 m
367 1804 450 1842 loco
465 1805 592 1855 potius
611 1812 771 1843 mortem
786 1806 868 1854 ejus
887 1804 1057 1853 lacerari,
1072 1818 1189 1856 quam
1201 1805 1242 1842 111
1256 1817 1335 1856 quo

214 1857 292 1894 vita
310 1865 406 1894 esset
424 1858 616 1895 damnata.

269 1910 382 1948 Dura
399 1911 495 1948 mihi
512 1912 677 1953 (medius
690 1912 851 1960 fidius)
837 1925 919 1962 Jam
933 1913 1087 1951 fortuna
1104 1913 1239 1963 populi
1251 1913 1334 1952 Ro.

213 1964 333 2011 mani,
353 1972 390 2002 et
407 1965 582 2013 crudelis,
603 1966 816 2014 videbatur,
837 1979 924 2017 quae
945 1975 1002 2004 tot
1019 1978 1139 2004 annos
1160 1966 1272 2004 illum
1291 1966 1331 2004 in

211 2017 311 2056 hanc
323 2018 599 2069 rempublicam
614 2019 796 2058 insultare
809 2020 952 2059 videret
964 2028 1002 2058 et
1012 2027 1215 2071 pateretur.
1238 2019 1331 2058 Pol·

211 2071 334 2109 luerat
346 2079 476 2123 stupro
495 2072 747 2112 sanctissimas
762 2074 984 2125 religiones:
1016 2076 1166 2112 senatus
1184 2073 1330 2124 gravis-

211 2125 309 2163 sima
326 2125 474 2164 decreta
487 2127 740 2178 pei-fregerat:
771 2127 933 2179 pecunia
952 2141 990 2167 se
1008 2127 1135 2179 palam
1155 2127 1329 2177 331111131-
