1509 2397
265 95 342 134 294
499 93 839 139 PHILIPPICA
869 94 944 133 VI.
976 93 1082 134 CAP.
1112 95 1149 132 6.

270 214 363 243 rum
393 202 597 264 assignatio
628 201 744 255 paulo
773 209 874 251 ante,
906 201 1091 250 Quirites,
1124 202 1174 240 L.
1207 203 1382 249 Caesaris,

269 256 466 295 clarissimi
485 256 570 305 viri,
597 265 634 295 et
661 257 963 309 praestantissimi
985 256 1180 304 senatoris,
1199 257 1386 296 sententia

270 309 454 348 dissoluta
483 318 564 349 est:
595 310 686 350 huic
712 311 815 349 enim
833 310 988 358 assensi,
1012 311 1283 362 septemvirum
1301 318 1391 349 acta

270 364 509 403 sustulimus.
539 365 568 403 J
570 373 679 404 acent
706 364 888 403 beneficia
907 364 1097 402 Nuculae:
1126 364 1240 415 friget
1258 372 1386 416 patro-

270 430 343 462 nus
367 418 576 457 Antonius.
606 419 712 457 Nam
732 432 960 470 possessores
979 418 1108 456 animo
1129 418 1294 470 aequiore
1310 418 1388 458 dis·

271 472 405 512 cedent
421 487 432 511 :
462 473 611 511 nullam
647 473 862 524 impensam
897 472 1069 511 fecerunt
1085 487 1095 510 ε
1126 472 1300 510 110111111111
1328 473 1389 510 111-

273 534 509 571 struxerunt,
540 527 680 578 partim
718 527 810 577 quia
839 539 917 564 non
953 525 1207 574 confidebant,
1246 527 1388 577 partim

269 581 366 632 quia
385 594 460 619 non
480 580 682 619 habebant.
714 580 789 619 Sed
800 580 867 618 illa
881 588 1006 618 statua
1019 580 1215 631 palmaris,
1235 580 1282 618 de
1297 594 1387 632 qua,

274 635 307 673 si
325 635 483 673 meliora
501 644 674 686 tempora
701 642 836 682 essent,
863 647 940 672 non
962 646 1113 684 possem
1132 634 1212 673 sine
1236 634 1314 672 risu
1333 635 1392 673 di-

274 702 381 727 cere:
416 691 443 711 “
465 689 513 727 L.
545 689 732 736 Antonio,
764 688 859 727 Jani
881 688 998 726 medii
1016 695 1188 739 patrono.
1193 688 1217 705 ''
1247 689 1390 728 Itane?

274 743 402 782 Janus
421 743 597 781 medius
587 756 627 780 m
647 742 695 780 L.
715 742 881 780 Antonii
899 742 1073 780 clientela
1091 742 1171 781 sit?
1201 742 1301 790 Quis
1318 756 1393 781 un-

277 810 395 849 quam
424 797 464 836 in
494 797 562 835 illo
598 797 627 835 J
629 810 702 835 ano
732 797 910 835 inventus
939 803 1009 845 est,
1039 796 1108 848 qui
1136 796 1186 834 L.
1216 796 1392 836 Antonio

273 851 381 889 mille
399 864 605 889 nummum
624 851 737 889 ferret
755 853 998 902 expensum?

332 905 409 944 VI.
438 905 514 945 Sed
543 905 658 943 nimis
677 905 803 942 multa
828 905 875 942 de
893 904 1031 955 nugis.
1062 904 1112 942 ad
1130 917 1283 943 causam
1313 906 1393 944 bel-

277 960 438 1011 lumque
465 959 690 998 redeamus:
722 971 960 1010 quamquam
990 971 1066 996 non
1103 959 1273 998 alienum
1303 959 1393 1008 fuit,

277 1026 455 1065 personas
485 1013 672 1065 quasdam
695 1025 718 1050 a
747 1012 853 1051 vobis
875 1012 1117 1063 recognosci;
1147 1020 1205 1061 ut,
1239 1013 1398 1065 quibus-

280 1080 370 1106 cum
388 1068 535 1106 bellum
553 1074 758 1118 gereretur,
778 1066 938 1118 possetis
957 1066 1060 1104 taciti
1075 1066 1258 1115 judicare.

334 1122 421 1172 Ego
440 1129 569 1159 autem
589 1134 655 1159 vos
679 1120 822 1168 hortor,
855 1119 1039 1167 Quirites,
1060 1127 1118 1168 ut,
1139 1121 1286 1160 etiamsi
1311 1135 1394 1160 me-

277 1174 353 1214 lius
372 1175 478 1213 aliud
499 1175 587 1222 fuit,
608 1182 738 1213 tamen
756 1175 972 1225 legatorum
990 1174 1156 1212 reditum
1175 1177 1398 1226 exspectetis

280 1230 410 1268 animo
443 1242 564 1280 aequo.
595 1228 776 1267 Celeritas
805 1228 972 1266 detracta
992 1227 1040 1266 de
1061 1228 1174 1266 causa
1194 1237 1276 1267 est:
1307 1230 1398 1268 boni

280 1292 410 1322 tamen
429 1283 576 1334 aliquid
594 1282 749 1321 accessit
767 1282 816 1320 ad
835 1294 1000 1320 causam.
1031 1282 1134 1322 Cum
1152 1282 1254 1321 enim
1281 1283 1396 1335 legati

279 1337 548 1385 renuntiarint,
570 1336 692 1388 (quod
703 1344 800 1374 oerte
812 1336 1102 1383 renuntiabunt)
1118 1348 1200 1374 non·
1213 1337 1254 1375 in
1274 1337 1398 1376 vestra

279 1399 477 1443 potestate,
498 1404 574 1429 non
594 1392 634 1429 in
654 1393 819 1437 senatus,
848 1403 925 1428 esse
943 1390 1192 1436 Antonium;
1222 1391 1308 1443 quis
1327 1392 1399 1431 er'it

276 1454 359 1485 tam
377 1446 575 1497 improbus
595 1444 699 1492 civis,
720 1444 788 1495 qui
812 1444 925 1482 illum
945 1444 1064 1482 civem
1084 1444 1305 1483 habendum
1324 1459 1398 1498 pu..

274 1503 366 1547 tet?
398 1500 516 1538 Nunc
531 1499 634 1537 enim
654 1508 757 1545 sunt,
773 1498 902 1549 (pauci
919 1498 976 1536 illi
992 1498 1162 1549 quidem,
1183 1499 1250 1537 sed
1267 1506 1397 1538 tamen

278 1555 408 1608 plures
439 1567 556 1604 quam
576 1552 772 1604 republica
798 1552 960 1603 dignum
980 1560 1051 1599 est)
1072 1552 1140 1603 qui
1164 1553 1218 1590 ita
1234 1554 1397 1605 loquan-

279 1616 367 1647 tur:
401 1610 428 1630 “
446 1609 509 1646 Ν8
526 1609 669 1658 legatos
693 1606 850 1658 quidem
878 1607 1181 1657 exspectabimus
1199 1607 1245 1645 ?''
1275 1607 1398 1647 Istam

282 1671 381 1702 certe
401 1675 547 1708 vocem,
568 1661 929 1711 simulationemque
949 1660 1172 1707 clementiae,
1194 1668 1396 1713 extorque-

281 1717 339 1755 bit
356 1716 402 1754 iis
421 1729 478 1754 res
505 1716 589 1767 ipsa
607 1715 773 1766 publica.
803 1713 895 1761 Quo
915 1714 1030 1752 etiam
1054 1719 1114 1757 (ut
1133 1715 1312 1753 confitear
1330 1729 1397 1755 vos

276 1771 350 1818 bis,
383 1769 569 1817 Quirites)
599 1769 728 1807 minus
752 1768 934 1806 hodierno
963 1768 1023 1805 die
1053 1768 1243 1816 contendi,
1267 1769 1397 1809 minus

276 1824 461 1870 laboravi,
474 1831 519 1861 ut
536 1823 633 1860 mihi
652 1832 804 1860 senatus
823 1821 1028 1860 assentiens
1043 1823 1256 1860 tumultum
1271 1823 1397 1864 decer.

277 1885 397 1925 neret,
418 1891 508 1929 saga
527 1876 628 1915 sumi
643 1877 805 1926 juberet.
834 1875 978 1922 Malui,
994 1876 1130 1926 viginti
1143 1877 1277 1915 diebus
1295 1887 1395 1929 post,

278 1932 505 1971 sententiam
524 1943 651 1969 meam
665 1930 814 1969 laudari
827 1931 875 1968 ab
890 1930 1083 1978 omnibus,
1097 1943 1216 1982 quam
1227 1944 1250 1969 a
1263 1932 1395 1983 paucis

275 1986 389 2025 hodie
408 1982 625 2037 vituperari.

331 2040 590 2091 Quapropter,
618 2038 803 2087 Quirites,
839 2046 1053 2090 exspectate
1077 2039 1291 2089 legatorum
1309 2039 1396 2078 red-

275 2093 404 2141 itum3
433 2102 470 2132 et
481 2106 692 2145 paucorum
705 2093 855 2132 dierum
868 2093 1082 2131 molestiam
1094 2093 1281 2131 devorate.
1308 2094 1395 2142 Qui

276 2161 366 2187 curn
397 2147 590 2193 redierint,
620 2148 651 2186 si
680 2161 814 2199 pacem
845 2147 1017 2196 afferent,
1041 2146 1225 2198 cupidum
1243 2160 1332 2193 1118;
1362 2149 1393 2187 si

270 2203 434 2254 bellum,
448 2201 653 2255 providum
666 2202 886 2253 judicatote.
916 2201 985 2251 An
1001 2214 1072 2253 ego
1083 2213 1159 2260 non
1172 2201 1406 2253 provideam-
