1509 2397
308 84 645 135 PHILIPPICA
676 85 752 135 I'x.
780 97 887 136 cst.
916 100 955 135 5.
1113 100 1193 138 323

69 200 107 240 et
138 202 323 254 sapientia
353 204 451 242 effici
481 212 621 256 posset,
659 204 921 244 vehementius
953 207 1187 246 excusationi

67 256 265 295 obstitistis
281 271 293 302 ;
323 265 439 309 atque
458 271 562 305 eum,
583 259 650 310 qui
678 272 826 310 semper
844 268 1012 297 vestrum
1032 274 1190 300 consen-

66 323 154 348 sum
165 311 434 362 gravissimum
450 313 707 362 judicavisset,
723 313 771 351 de
786 314 971 351 sententia
987 314 1186 364 dejecistis.

67 364 123 402 Ut
147 378 237 404 vero
263 366 398 405 Pansae
429 368 593 405 consulis
616 367 768 406 accessit
794 368 1001 406 cohortatio
1023 370 1187 419 gravior,

66 431 185 469 quam
211 433 322 459 aures
343 422 421 460 Ser.
443 421 603 472 Sulpicii
625 421 724 460 ferre
742 420 973 468 didicissent,
995 430 1080 460 tum
1100 437 1188 462 vero

66 471 232 524 denique
250 474 391 522 filium,
404 488 544 526 meque
565 474 729 523 seduxit,
746 483 861 527 atque
880 475 934 513 ita
951 476 1101 514 locutus
1117 486 1186 525 est,

68 533 113 564 ut
132 529 394 567 auctoritatem
407 537 571 568 vestram
583 529 671 568 vitae
685 543 763 567 suae
777 543 816 567 se
830 529 970 568 diceret
989 530 1186 569 anteferre.

68 579 193 630 Cujus
221 594 290 620 nos
320 583 500 621 virtutem
530 583 721 631 admirati,
741 595 818 622 non
838 583 921 621 ausi
940 597 1074 622 sumus
1106 586 1190 634 ejus

68 634 258 674 adversari
272 637 473 676 voluntati.
504 638 738 676 Movebatur
753 637 937 688 singulari
956 638 1096 689 pietate
1115 639 1190 676 fili-

67 700 140 727 us:
170 702 249 728 non
268 692 438 729 multum
458 693 540 741 ejus
558 691 834 743 perturbationi
851 704 961 729 meus
980 692 1088 730 dolor
1100 706 1190 731 con-

64 743 245 782 cedebat.
277 745 341 783 sed
359 754 521 798 uterque
535 749 707 784 nostrum
720 745 850 784 cedere
865 747 1069 797 cogebatur
1079 760 1189 798 mag-

67 797 234 836 nitudini
253 799 387 846 51111111,
408 800 664 851 orationisque
683 799 888 851 gravitati:
922 813 1010 838 cum
1031 801 1188 852 quidem

65 850 146 899 ille,
165 853 338 892 maxima
356 854 470 892 laude
489 862 526 892 et
544 854 798 905 gratulatione
809 854 984 892 omnium
1003 858 1187 903 vestrum,

65 905 258 967 pollicitus
280 915 348 956 est,
366 921 420 955 se,
436 908 540 960 quod
562 908 721 956 velletis,
739 921 818 946 esse
840 908 1048 956 facturum,
1061 922 1188 962 neque

66 960 149 1008 ejus
168 962 364 1000 sententiae
381 963 596 1014 periculum
621 963 846 1010 vitaturum,
868 963 978 1011 cujus
996 963 1077 1014 ipse
1096 976 1186 1002 auc-

66 1019 126 1052 tor
155 1014 299 1055 fuisset.
330 1016 475 1065 Quem,
511 1017 666 1068 exsequi
696 1016 879 1054 mandata
903 1024 1028 1055 vestra
1049 1031 1188 1079 prope-

65 1075 229 1116 rantem,
259 1083 373 1109 mane
395 1071 575 1123 postridie
596 1070 785 1132 prosecuti
810 1083 967 1109 sumus:
999 1072 1067 1122 qui
1100 1072 1198 1123 qui-⁴

66 1122 170 1171 dem,
192 1124 399 1172 discedens,
425 1138 580 1164 mecum
599 1125 654 1163 ita
670 1125 821 1164 locutus
848 1132 917 1174 est,
937 1132 982 1164 ut
1001 1126 1083 1175 ejus
1103 1138 1188 1164 ora-

68 1176 121 1216 tio
140 1190 253 1217 omen
270 1179 341 1217 fati
358 1179 562 1218 videretur.

123 1232 175 1270 V.
207 1234 373 1272 Reddite
391 1234 522 1295 igitur,
543 1240 670 1285 patres
686 1233 901 1284 conscripti,
923 1232 957 1271 ei
977 1233 1109 1281 vitam,
1126 1234 1188 1273 cui

67 1280 288 1326 ademistis:
319 1288 397 1326 vita
422 1288 525 1326 enim
547 1294 788 1325 mortuorum
810 1287 851 1325 in
873 1288 1059 1326 memoria
1085 1288 1189 1327 vivo-

68 1350 156 1378 rum
176 1349 232 1380 est
249 1341 384 1393 posita.
415 1341 603 1389 Perficite,
631 1350 676 1379 ut
704 1341 750 1390 is,
777 1355 893 1393 quem
920 1355 986 1379 vos
1011 1342 1061 1379 ad
1085 1355 1189 1380 mor·

68 1401 147 1433 tem
176 1396 284 1434 inscii
312 1395 482 1444 misistis,
506 1396 835 1434 immortalitatem
858 1396 999 1434 habeat
1020 1409 1042 1434 5
1068 1397 1187 1435 vobis.

69 1448 145 1487 Cui
172 1449 203 1488 si
222 1456 388 1488 statuam
407 1450 448 1487 in
474 1450 625 1488 Rostris
647 1450 796 1488 decreto
820 1457 944 1488 vestro
965 1450 1185 1498 statueritis,

66 1504 175 1542 nulla
200 1505 282 1554 ejus
304 1504 535 1555 legationem
556 1504 784 1556 posteritatis
808 1503 1067 1542 inobscurabit
1090 1505 1189 1543 oblia-

66 1557 141 1595 vio.
171 1558 279 1596 Nam
297 1559 444 1610 reliqua
466 1559 546 1598 Ser.
567 1558 728 1610 Sulpicii
750 1559 829 1597 vita
846 1558 981 1596 multis
1001 1557 1072 1597 erit
1089 1572 1189 1610 prae-

66 1611 255 1664 clarisque
284 1612 533 1651 monimentis
562 1612 611 1651 ad
639 1625 795 1651 omnem
824 1612 1051 1651 memoriam
1083 1625 1188 1652 com-

64 1666 271 1705 mendata:
313 1679 463 1718 semper
500 1667 604 1705 illius
641 1667 880 1718 gravitatem,
906 1666 1186 1716 constantiam,

65 1719 197 1769 fidem,
217 1728 464 1772 praestantem
483 1720 524 1759 in
542 1720 739 1773 republica
757 1721 900 1759 tuenda
919 1733 1051 1759 curam
1069 1728 1187 1772 atque

0 1772 1 1788 ³
65 1774 324 1826 prudentiam,
362 1775 538 1814 omnium
574 1775 797 1814 mortalium
829 1774 934 1813 fama
963 1775 1186 1814 celebrabit.

67 1829 111 1867 N
113 1842 154 1868 ec
172 1842 261 1868 vero
286 1829 460 1868 silebitur
489 1829 723 1868 admirabilis
749 1829 941 1881 quaedam,
967 1836 1003 1867 et
1024 1828 1189 1867 incredi-

64 1882 155 1922 bilis
172 1895 216 1922 ac
233 1896 342 1935 paene
360 1883 502 1933 divina,
527 1885 624 1933 ejus,
652 1884 693 1921 in
711 1883 860 1934 legibus
878 1883 1188 1934 interpretandis,

63 1937 245 1989 aequitate
257 1937 495 1989 explicanda,
509 1937 674 1976 scientia.
704 1938 866 2000 Omnes,
883 1950 930 1975 ex
942 1936 1048 1974 omni
1063 1944 1187 1986 aetate,

67 1991 137 2043 qui
154 1991 254 2030 hac'
243 2005 284 2030 111
303 1991 453 2031 civitate
471 1991 762 2043 intelligentiam
785 1991 882 2042 juris
899 1991 1131 2038 habuerunt,
1154 1991 1189 2032 si

68 2057 193 2083 unum
211 2046 252 2084 in
279 2045 408 2084 locum
427 2046 683 2093 conferantur,
707 2058 796 2084 cum
820 2046 900 2084 Ser.
921 2045 1091 2107 Sulpicio
1108 2057 1187 2087 non

70 2099 148 2137 sint
165 2100 422 2152 comparandi.
447 2101 589 2152 Neque
612 2100 714 2139 enim
740 2099 806 2138 ille
827 2098 953 2150 magis
974 2098 1072 2148 juris
1098 2111 1188 2137 con-

68 2152 207 2201 sultus,
227 2167 346 2207 quam
371 2154 547 2205 justitiae,
574 2153 676 2192 fuit:
706 2153 761 2192 im
782 2165 840 2202 ea,
868 2167 955 2205 quae
979 2152 1187 2205 proficisce-

68 2207 210 2246 bantur
231 2221 256 2246 a
278 2208 429 2260 legibus
447 2216 485 2248 et
509 2221 532 2246 a
552 2208 640 2261 jure
659 2207 774 2255 civili,
795 2219 943 2259 semper
962 2206 1009 2244 ad
1026 2206 1189 2244 facilitas*
