1509 2397
246 103 322 148 178
451 101 566 142 PRO
594 101 915 142 DEIOTARO.
944 102 1052 142 CAP.
1085 102 1147 140 15.

242 208 463 258 vivendum,
485 217 702 249 contentam
731 210 911 249 virtutem
929 223 1020 249 esse.
1049 209 1148 249 Haec
1165 209 1232 248 ille
1247 221 1364 261 repu-

240 271 340 312 tans,
362 272 400 302 et
428 264 507 303 dies
533 272 571 303 et
592 272 721 303 noctes
744 265 927 315 cogitans,
957 276 1036 302 non
1059 264 1176 302 modo
1195 263 1266 302 tibi
1283 275 1359 301 non

241 326 436 357 succenset
455 321 566 362 (esset
585 319 687 356 enim
706 330 783 356 non
802 318 925 356 solum
953 317 1139 369 ingratus,
1165 317 1230 357 sed
1245 316 1362 355 etiam

240 379 405 420 amens),
439 385 573 411 verum
600 385 755 410 omnem
782 371 1099 423 tranquillitatem
1126 379 1164 410 et
1192 370 1362 424 quietem

239 426 442 464 senectutis
461 434 654 477 acceptam
673 425 785 464 refert
803 425 1013 464 clemenn‘ae
1032 433 1119 463 tuae.

293 478 413 518 XIV.
443 480 534 528 Quo
561 479 718 531 quidem
743 479 872 517 animo
904 492 994 517 cum
1018 487 1130 518 antae
1153 479 1243 528 fuit,
1273 486 1360 516 tum

238 544 318 570 non
347 533 495 580 dubito,
529 534 625 584 quin
658 533 734 570 tuis
765 533 897 581 literis,
932 545 1098 584 quarum
1135 532 1360 584 exemplum

239 586 330 637 legi,
351 600 447 638 quas
467 587 516 625 ad
536 600 625 625 eum
644 587 860 625 Tarracone
885 587 976 625 huic
993 587 1188 625 Blesamio
1207 586 1358 635 dedisti,

239 652 280 679 se
310 641 433 692 magis
464 641 578 679 etiam
611 641 784 689 erexerit,
815 643 863 680 ab
893 640 1075 693 omnique
1108 639 1362 679 sollicitudine

238 695 475 732 abstraxerit.
505 695 629 733 Jubes
660 695 763 732 enim
789 708 879 733 eum
897 696 994 733 bene
1013 707 1175 746 sperare,
1196 702 1233 732 et
1257 695 1359 732 bono

237 760 317 786 esse
336 748 465 787 animo
479 762 491 794 ;
521 748 626 800 quod
642 748 721 787 scio
739 757 777 786 te
789 761 864 787 non
880 748 1021 787 frustra
1035 749 1195 787 scribere
1213 748 1331 786 solere
1344 761 1356 785 :

235 802 397 840 memini
419 802 536 850 enim,
568 802 705 841 iisdem
727 802 806 841 fere
824 802 949 841 verbis
975 802 1025 841 ad
1045 815 1109 841 me
1127 810 1165 840 te
1183 802 1358 849 scribere,

233 867 376 907 meque
395 856 470 894 tuis
488 857 606 894 literis
624 858 723 894 bene
741 869 891 907 sperare
909 869 988 895 non
1011 856 1153 895 frustra
1171 869 1251 894 oese
1274 856 1358 905 jus-

235 922 336 947 sum.
367 910 520 948 Laboro
535 910 713 961 equidem
727 911 827 962 regis
845 910 1021 949 Deiotari
1039 910 1167 958 causa,
1188 921 1357 961 quocum

230 963 331 1001 mihi
349 964 559 1002 amicitiam
577 977 635 1002 res
650 964 805 1015 publica
822 964 1052 1012 conciliavit,
1065 964 1274 1015 hospitium
1290 976 1358 1002 vo-

231 1016 361 1055 luntas
372 1018 572 1069 utriusque
585 1018 798 1067 conjunxit,
811 1018 1108 1056 familiaritatem
1124 1017 1359 1056 consuetudo

231 1071 375 1119 attulit,
410 1084 604 1110 summam
636 1085 724 1110 vero
754 1072 1070 1111 necessitudinem
1098 1084 1242 1122 magna
1274 1072 1358 1121 ejus

232 1123 355 1162 officia
373 1125 413 1162 in
433 1138 496 1163 me
515 1132 551 1163 et
575 1125 618 1163 in
637 1126 846 1164 exercitum
865 1138 998 1164 meum
1018 1125 1232 1164 effecerunt.
1263 1124 1353 1171 Sed,

231 1190 321 1216 cum
341 1178 388 1216 de
407 1179 474 1217 illo
492 1180 636 1226 laboro,
657 1187 743 1217 tum
768 1180 816 1218 de
834 1180 968 1217 multis
987 1178 1232 1230 amplissimis
1250 1178 1354 1226 viris,

230 1231 373 1282 quibus
393 1233 510 1271 semel
533 1233 712 1283 ignotum
735 1246 758 1270 a
779 1240 817 1270 te
836 1246 915 1271 esse
943 1240 1104 1284 oportet7
1125 1245 1196 1271 nec
1213 1233 1356 1271 benefi-

229 1285 334 1323 cium
352 1293 465 1324 tuum
490 1287 531 1324 in
550 1286 714 1325 dubium
741 1286 881 1334 vocari,
901 1299 970 1326 nec
994 1286 1166 1324 haerere
1155 1299 1197 1324 m
1215 1286 1355 1325 animis

228 1337 434 1377 hominum
453 1340 747 1378 sollicitudinem
778 1340 1064 1401 sempiternam,
1083 1353 1154 1379 nec
1171 1339 1352 1388 accidere,

225 1399 272 1430 ut
291 1393 496 1444 quisquam
515 1401 553 1432 te
573 1393 707 1432 timere
724 1394 883 1445 incipiat
902 1407 1034 1432 eorum
1049 1394 1117 1445 qui
1136 1394 1253 1432 semel
1270 1407 1295 1433 a
1315 1400 1352 1433 te

226 1446 303 1484 sint
327 1447 478 1485 liberati
499 1447 646 1486 timore.
677 1448 771 1486 Non
795 1447 927 1496 debe0‚
959 1447 1030 1486 Cai
1058 1448 1200 1496 emar,
1232 1447 1354 1499 (quod

225 1499 309 1538 fieri
335 1501 463 1539 solet
452 1514 493 1539 m
513 1502 628 1539 tantis
653 1501 847 1553 periculis)
868 1509 1027 1549 tentare,
1048 1513 1217 1553 quonam
1235 1501 1353 1541 modo

226 1553 387 1593 dicendo
424 1555 722 1593 misericordiam
759 1563 867 1593 tuam
906 1568 1143 1594 commovere
1180 1555 1349 1606 possim:

225 1608 325 1645 nihil
354 1622 450 1659 opus
481 1617 563 1647 est·
595 1622 788 1648 occurrere
813 1609 897 1660 ipsa
922 1609 1018 1647 solet
1048 1608 1285 1660 supplicibus
1312 1617 1351 1647 et

225 1662 470 1710 calamitosis,
502 1663 646 1701 nullius
677 1663 845 1701 oratione
877 1670 1040 1701 evocata.
1073 1663 1250 1713 Propone
1279 1662 1351 1701 tibi

224 1713 320 1753 duos
338 1729 458 1766 reges,
481 1724 517 1754 et
532 1716 571 1754 id
590 1717 718 1755 animo
734 1717 991 1768 contemplare
1011 1716 1114 1768 quod
1133 1716 1252 1754 oculis
1271 1728 1350 1754 non

221 1777 341 1819 potes.
371 1769 494 1808 Dabis
524 1770 692 1821 profecto
710 1770 989 1818 misericordiae,
1011 1770 1115 1822 quod
1140 1770 1349 1809 iracundiae

221 1822 419 1873 negavisti.
449 1823 584 1861 Multa
614 1832 704 1862 sunt
733 1832 810 1862 tuae
843 1824 1054 1862 clementiae
1082 1824 1345 1870 monimenta;

222 1876 291 1914 sed
315 1877 485 1915 maxime
515 1890 648 1916 eorum
676 1878 970 1925 incolumitates,
1003 1878 1145 1929 quibus
1182 1878 1345 1916 salutem

222 1929 382 1968 dedisti:
414 1944 501 1982 quae
520 1931 551 1969 si
569 1931 608 1969 in
628 1931 785 1982 privatis
803 1932 966 1982 gloriosa
984 1939 1089 1979 sunt,
1109 1931 1233 1969 multo
1261 1944 1345 1969 ma-

221 1983 280 2034 gis
311 1987 713 2023 commemorabuntur
739 1985 779 2022 in
808 1985 973 2036 regibus.
1004 1985 1164 2045 Semper
1193 1985 1344 2036 regium

219 2049 361 2076 nomen
379 2038 421 2076 in
438 2039 511 2076 hac
533 2038 683 2077 civitate
709 2046 884 2077 sanctum
902 2039 1002 2078 fuit:
1033 2039 1222 2078 sociorum
1254 2051 1344 2077 vero

217 2103 353 2141 regum
372 2100 409 2130 et
427 2092 638 2130 amicorum
658 2093 951 2131 sanctissimum.

268 2144 364 2183 XV.
393 2145 511 2193 Quod
521 2159 677 2195 nomen,
690 2146 732 2183 hi
750 2159 871 2197 reges,
891 2159 940 2185 ne
958 2145 1193 2192 amitterent,
1209 2152 1247 2184 te
1261 2145 1339 2184 vic-

208 2204 300 2248 tore,
320 2199 533 2238 timuerunt
548 2215 559 2238 :
593 2208 784 2239 retentum
795 2213 897 2249 vero,
911 2207 948 2239 et
959 2213 983 2239 a
997 2208 1034 2239 te
1059 2200 1346 2249 confirmatum,
