1509 2397
357 72 701 111 PHILIPPICA.
732 72 791 110 11.
822 72 927 110 CAP.
949 73 986 109 3.
1156 72 1231 110 139

113 179 294 219 familiari
312 186 350 218 et
366 180 574 218 necessario
589 192 674 218 mco
689 182 707 219 Ρ
727 192 804 218 non
817 179 984 218 venirem
1000 186 1130 217 contra
1146 191 1233 229 gra-

112 234 222 281 tiam,
253 246 331 271 non
356 233 506 272 Virtutis
533 247 613 285 spe,
638 234 704 271 sed
727 233 847 272 aetatis
871 233 977 280 flore,
1002 234 1230 271 collectam?

112 301 192 326 non
209 288 377 326 venirem
396 296 526 326 contra
543 287 739 337 injuriam,
761 300 879 339 quam
893 287 941 325 ist
944 300 962 324 e
980 286 1232 324 intercessoris

113 340 346 393 iniquissimi
377 341 559 380 beneficio
596 341 776 389 obtinuit,
807 354 883 379 non
910 341 996 389 jure
1025 340 1199 391 praetorio
1214 342 1231 378 ?

114 396 192 435 Sed
208 395 280 433 hoc
298 395 436 433 idcirco
458 403 799 433 commemoratum
819 409 841 433 a
860 403 897 433 te
915 402 1024 445 puto,
1052 402 1096 431 ut
1119 402 1156 431 te
1174 394 1233 430 in-

116 449 210 487 fimo
227 449 351 487 ordini
370 449 667 497 commendares,
688 463 777 487 cum
792 457 829 487 te
844 461 975 486 omnes
994 448 1234 486 recordaren-

113 510 178 541 tur
195 502 363 541 libertini
382 516 580 554 generum,
602 511 638 541 et
657 503 794 541 liberos
813 511 898 541 tuos
912 510 1067 553 nepotes
1083 501 1134 549 Q.
1161 502 1234 538 fa-

114 557 182 605 dii,
202 557 371 595 libertini
388 557 568 604 hominis,
588 557 608 594 f
619 557 715 594 'is-se.

169 611 229 649 At
247 611 349 648 enim
369 618 406 649 te
423 611 465 648 in
485 611 724 662 disciplinam
744 623 870 648 ineam
896 609 1102 648 tradideras
1123 613 1231 652 (nam

114 665 171 703 ita
189 665 360 713 dixisti):
391 665 551 703 domum
573 678 699 703 meam
719 665 936 703 ventitaras.
966 664 1042 702 Nae
1061 671 1118 709 m,
1146 663 1177 701 si
1195 662 1235 700 id

115 718 279 767 fecisses,
303 719 440 757 melius
458 719 585 766 famae,
605 719 744 757 melius
771 718 964 770 pudicitiae
988 725 1079 764 tuae,
1100 730 1236 755 consu-

116 773 262 811 luisses.
291 774 367 812 Sed
385 786 453 811 nec
472 773 606 820 fecisti,
627 786 710 821 nec,
731 773 762 811 si
777 786 946 824 cuperes,
967 772 1037 810 tibi
1054 771 1094 808 id
1108 783 1175 822 per
1187 770 1232 809 G.

116 827 325 866 Curionem
343 827 465 866 facere
478 827 654 865 licuisset.

170 881 397 932 Auguratsts
421 882 643 932 petitionem
658 881 755 919 mihi
774 889 811 919 te
839 880 1060 919 concessisse
1089 879 1231 917 dixisti.

117 934 156 974 Ο
171 935 431 973 incredibilem
447 935 645 973 audaciam
664 936 672 973 !
696 949 718 973 o
730 935 1010 986 impudentiam
1025 934 1234 985 praedican-

115 989 207 1027 dam
226 989 236 1027 l
267 989 359 1037 Quo
378 989 481 1027 enim
500 997 670 1040 tempore
688 1003 752 1027 me
771 1002 957 1040 augurem
979 1002 1002 1026 a
1024 995 1103 1026 tcto
1123 987 1236 1025 colle-2

117 1044 181 1095 gio
203 1043 416 1095 expetitum
444 1043 516 1081 Cn.
538 1044 746 1094 Pompeius
775 1052 811 1082 et
837 1044 888 1091 Q.
911 1042 1142 1080 Hortensius
1165 1054 1234 1078 no·

112 1098 356 1136 minaverunt
369 1100 510 1149 (neque
525 1098 626 1135 enirn
638 1098 775 1136 licebat
787 1111 809 1135 a
820 1097 996 1149 pluribus
1011 1095 1232 1141 ric-minari),

113 1161 158 1189 tu
183 1164 253 1190 nec
271 1152 451 1190 solvendo
476 1165 570 1199 eras,
591 1164 660 1190 nec
685 1160 721 1189 te
743 1153 824 1190 uilo
849 1151 979 1197 modo,
1006 1150 1080 1188 nisi
1106 1151 1234 1187 eversa

113 1205 322 1257 republica,
337 1205 568 1244 incolumem
580 1205 660 1243 fore
671 1207 846 1256 putabas.
879 1206 1034 1242 Poteras
1046 1211 1174 1241 autem
1190 1216 1233 1240 eo

113 1268 285 1310 tempore
304 1267 536 1311 auguratum
554 1266 694 1310 petere,
719 1273 805 1298 cum
826 1260 867 1296 in
886 1257 1000 1296 Italia
1020 1258 1137 1296 Curio
1157 1269 1235 1294 non

115 1316 242 1352 esset?
272 1321 340 1351 aut
367 1321 466 1361 tum,
494 1326 583 1351 cum
611 1326 648 1350 es
673 1313 810 1361 factus,
835 1325 954 1351 unam
983 1312 1127 1349 tribum
1155 1311 1235 1348 sine

117 1367 285 1406 Curione
303 1367 401 1405 ferre
418 1368 603 1418 potuisses
618 1369 634 1405 Ρ
656 1368 764 1415 cujus
778 1367 893 1404 etiam
912 1366 1118 1404 familiares
1136 1365 1183 1402 de
1197 1364 1236 1402 vi

117 1421 360 1459 condemnati
379 1429 481 1469 sunt,
503 1421 606 1472 quc-d
624 1421 682 1458 tui
699 1421 814 1458 nimis
833 1420 992 1458 studiosi
1009 1419 1180 1457 fuissent.

174 1475 258 1513 III.
278 1475 338 1513 At
350 1475 531 1513 beneficio
544 1487 630 1513 sum
645 1487 738 1512 usus
753 1482 830 1512 tuo.
861 1474 979 1522 Quo?
1002 1485 1241 1525 quamquam

117 1529 217 1567 illud
234 1529 378 1580 ipsum,
394 1529 497 1580 quod
517 1541 804 1575 commemoras,
818 1541 966 1579 semper
983 1541 1063 1579 prae
1080 1540 1144 1564 me
1155 1526 1227 1564 tuli

120 1583 254 1622 Malui
271 1596 335 1621 me
353 1583 424 1621 tibi
441 1583 577 1621 debere
589 1583 771 1629 confiteri,
786 1594 904 1634 quam
917 1582 1097 1633 cuiquam
1108 1580 1239 1618 minus
1255 1622 1262 1629 .

118 1637 300 1689 prudenti
317 1649 396 1675 non
414 1637 503 1675 satis
527 1645 658 1687 gratus
677 1636 806 1674 videri.
840 1636 916 1675 Sed
930 1649 1007 1687 quo
1025 1634 1208 1674 beneficio
1222 1636 1240 1673 ἶ)

120 1691 226 1743 quod
243 1705 306 1729 me
324 1691 524 1730 Brundisii
542 1704 619 1729 non
638 1690 842 1729 occideris?
872 1689 1003 1737 Quem
1021 1690 1103 1741 ipse
1121 1688 1241 1726 victor

120 1746 207 1797 (qui
225 1745 310 1793 tibi,
326 1753 370 1784 ut
388 1753 470 1784 tute
488 1745 642 1796 gloriari
660 1745 819 1794 solebas,
841 1745 1030 1782 detulerat
1052 1756 1100 1781 ex
1124 1743 1241 1781 latro-

116 1800 232 1838 nibus
245 1800 323 1838 suis
340 1799 616 1851 principatum)
629 1800 779 1838 salvum
798 1812 876 1837 esse
890 1798 1085 1845 voluisset,
1105 1797 1146 1834 in
1160 1797 1242 1835 Ita-

109 1853 210 1892 liam
237 1855 293 1892 ire
313 1853 497 1903 jussisset,
518 1866 608 1891 eum
629 1861 672 1891 tu
691 1852 904 1891 occideres?
944 1852 1023 1890 Fac
1043 1851 1235 1902 potuisse:

113 1908 221 1969 quod
232 1914 288 1946 est
298 1908 417 1956 aliud,
426 1915 552 1959 patres
563 1907 778 1968 conscripti,
786 1906 1016 1945 beneficium
1027 1905 1237 1953 latronum,

114 1962 192 2000 nisi
221 1969 267 2000 ut
297 1975 593 2000 commemorare
622 1962 783 2013 possint,
803 1961 850 1999 iis
877 1974 915 1999 se
935 1959 1081 1998 dedisse
1100 1958 1236 2006 vitam,

113 2015 256 2067 quibus
277 2028 354 2053 non
380 2016 622 2055 ademerint?
661 2015 780 2063 Quod
807 2015 840 2053 si
867 2022 962 2053 esset
989 2011 1235 2059 beneficium,

115 2081 318 2120 nunquam
353 2070 395 2118 ii,
431 2070 500 2131 qui
525 2070 638 2107 illum
663 2070 946 2115 interfecerunt,
973 2080 996 2105 a
1021 2079 1098 2118 quo
1131 2073 1239 2104 erant

115 2123 266 2171 servati,
281 2127 395 2175 (quos
407 2131 451 2162 tu
469 2124 550 2176 ipse
562 2124 661 2162 viros
681 2123 905 2162 clarissimos
919 2121 1110 2173 appellare
1125 2120 1239 2166 soles)

117 2182 265 2216 tantam
281 2184 403 2218 essent
421 2178 581 2230 gloriam
597 2177 803 2217 consecuti.
833 2176 961 2224 Quale
980 2181 1111 2214 autem
1122 2175 1237 2215 bene-
