1509 2397
311 315 386 364 IN
416 315 488 362 M.
514 313 896 363 ANTONIUM

401 437 627 488 Philippica
651 437 816 482 Quarta.

103 545 139 584 Ι.
174 547 271 586 Fur:
278 557 499 588 QUENTIA
538 554 660 585 vestra
695 546 940 593 incredibilis,
980 543 1166 592 Quirites,

48 601 255 653 concioque
281 609 400 648 tanta,
430 610 617 653 quantam
635 601 855 639 meminisse
873 612 950 638 non
966 599 1109 645 videor,
1130 606 1170 636 et

49 654 282 694 alacritatem
309 655 407 693 mihi
435 667 629 693 summam
655 655 764 693 affert
787 653 1006 706 reipublicae
1038 652 1169 691 defen-

49 708 199 757 dendae,
220 717 257 748 et
276 722 384 760 spem
403 708 670 760 recuperandae
689 709 884 747 libertatis.
914 708 1168 758 Quamquam

49 761 202 801 animus
221 763 378 815 quidem
396 763 493 800 mihi
521 775 721 823 nunquam
751 762 886 810 defuit,
913 769 1085 812 tempora
1103 760 1170 797 de-

49 815 230 855 fuerunt:
262 831 348 869 quae
367 817 484 855 simul
503 829 546 854 ac
563 817 736 868 primum
755 816 901 868 aliquid
920 815 1017 853 lucis
1043 822 1169 852 osten-

50 869 140 908 dere
151 870 233 909 visa
250 879 353 918 sunt,
374 871 549 922 princeps
568 878 700 908 vestrae
718 870 904 908 libertatis
923 868 1170 907 defendendae

50 923 121 961 fui.
151 923 269 971 Quod
291 925 322 962 si
341 932 429 962 ante
447 924 570 962 facere
594 931 751 962 conatus
771 937 908 971 essem,
928 934 1032 961 nunc
1049 922 1172 960 facere

50 988 127 1015 non
146 990 309 1028 possem.
340 978 538 1017 Hodierno
558 977 658 1015 enim
676 978 750 1026 die,
765 978 949 1025 Quirites,
967 980 1032 1030 (ne
1050 977 1174 1015 medi-

51 1043 178 1069 ocrem
196 1045 277 1070 rem
296 1040 420 1070 actam
435 1031 686 1079 arbitremini)
701 1032 953 1070 fundamenta
967 1033 1070 1081 jacta
1084 1039 1174 1070 sunt

53 1085 291 1137 reliquarum
309 1086 516 1124 actionum.
545 1086 653 1124 Nam
672 1093 728 1124 est
745 1086 864 1124 hostis
883 1099 906 1124 a
925 1092 1057 1124 senatu
1076 1097 1173 1124 non-

52 1139 149 1177 dum
167 1142 282 1179 verbo
311 1140 539 1192 appellatus,
578 1139 643 1178 sed
672 1153 712 1178 re
740 1141 822 1190 jam
849 1140 1055 1189 judicatus,
1086 1140 1177 1178 An-

53 1193 194 1232 tonius.

110 1247 228 1286 Nunc
246 1261 334 1286 vero
352 1249 478 1286 multo
500 1261 586 1286 sum
612 1248 780 1297 erectior,
801 1248 905 1299 quod
923 1261 990 1286 vos
1005 1261 1173 1300 quoque,

56 1301 207 1340 hostem
226 1302 339 1339 illum
358 1315 451 1348 esse,
473 1310 579 1340 tanto
601 1314 784 1340 consensu
807 1310 991 1352 tantoque
1009 1303 1175 1340 clamore

56 1355 343 1406 approbavistis.
374 1357 458 1394 Nec
471 1355 573 1394 enim
586 1355 667 1393 fieri
678 1363 816 1407 potest,
830 1363 874 1393 ut
887 1367 963 1393 non
976 1364 1043 1394 aut
1060 1356 1087 1393 ii
1099 1355 1175 1393 sint

57 1409 183 1460 impii,
198 1409 266 1461 qui
285 1417 414 1448 contra
429 1411 625 1448 consulem
641 1409 826 1447 exercitus
844 1416 1173 1461 comparaverunt,

57 1470 126 1500 aut
144 1463 209 1502 ille
230 1464 364 1512 hostis,
385 1471 516 1502 contra
535 1476 652 1515 quem
676 1465 763 1513 jure
791 1476 898 1501 arma
928 1471 1055 1502 sumta
1074 1471 1176 1501 sunt.

58 1516 175 1555 Hanc
201 1517 319 1568 igitur
348 1517 640 1564 dubitationem,
674 1530 913 1569 quamquam
944 1518 1054 1555 nulla
1083 1525 1178 1565 erat,

57 1578 188 1609 tamen
206 1584 255 1609 ne
269 1585 347 1623 qua
365 1579 490 1623 posset
510 1584 601 1620 esse,
618 1578 769 1609 senatus
782 1571 965 1609 hodierno
980 1571 1041 1609 die
1053 1578 1180 1610 sustu-

59 1624 117 1662 iit.
160 1625 206 1664 C.
228 1625 370 1671 Caesar,
401 1625 469 1677 qui
486 1625 765 1677 rempublicam
784 1625 1077 1677 libertatemque
1096 1639 1180 1664 ves-

60 1686 162 1717 tram
180 1692 249 1718 suo
261 1679 401 1728 studio,
415 1679 586 1728 consilio,
599 1679 829 1730 patrimonio
841 1679 1018 1731 denique,
1032 1686 1179 1718 tutatus

61 1741 132 1781 est,
147 1740 184 1771 et
201 1740 363 1780 tutatur,
384 1733 566 1772 maximis
581 1735 732 1772 senatus
746 1733 927 1772 laudibus
938 1741 1094 1771 ornatus
1109 1741 1178 1771 est.

114 1787 266 1849 Laudo,
279 1787 396 1825 laudo
407 1800 487 1836 vos,
503 1787 688 1835 Quirites..
702 1800 791 1825 cum
803 1787 1026 1838 gratissimis
1041 1787 1179 1825 animis

59 1841 335 1902 prosequimini
353 1854 494 1880 nomen
513 1841 712 1880 clarissimi
723 1841 982 1888 adolescentis,
997 1841 1059 1879 vel
1070 1841 1180 1893 pueri

61 1894 215 1948 potius.
252 1901 343 1933 sunt
368 1895 472 1934 enim
499 1895 600 1934 facta
630 1896 728 1945 ejus,
758 1893 1069 1943 immortalitatis,
1103 1907 1183 1933 non

64 1949 197 1988 aetatis.
237 1948 371 1987 Multa
399 1949 573 1998 memini,
603 1948 729 1987 multa
758 1949 903 1996 audivi,
923 1949 1048 1986 multa
1074 1949 1179 1999 legi:

65 2002 164 2041 nihil
178 2016 226 2041 ex
240 2003 346 2041 omni
361 2004 587 2042 saeculorum
608 2003 796 2042 memoria
809 2004 884 2041 tale
899 2003 1069 2053 cognovi.
1100 2002 1184 2050 Qui

68 2062 175 2099 (cum
189 2057 369 2095 servitute
380 2070 655 2108 premeremur,
663 2058 702 2094 in
723 2057 803 2095 dies
821 2058 970 2095 malum
990 2066 1182 2102 cresceret,

67 2110 233 2160 praesidii
260 2110 357 2148 nihil
374 2111 615 2159 haberemus,
636 2111 837 2162 capitalem
857 2118 894 2149 et
920 2110 1142 2162 pestiferum
1161 2125 1184 2148 a

66 2164 274 2203 Brundisio
302 2164 362 2203 M.
383 2165 547 2204 Antonii
577 2165 742 2203 reditum
769 2165 1008 2213 timeremus)
1036 2164 1108 2203 hoc
1127 2164 1187 2202 in·
