1509 2397
348 71 691 111 PHILIPPICA
720 71 772 111 V.
802 72 908 111 cn.
942 72 1003 111 18.
1155 73 1234 109 285

114 177 254 230 cuique
271 179 488 218 carissimus
505 180 514 217 !
546 179 652 231 quod
669 192 759 218 cum
778 179 960 231 consequi
978 179 1206 230 neglexisset
1221 191 1240 224 ;·

115 245 272 271 0111118111
293 233 371 271 vim
388 234 534 285 ingenii
553 239 657 285 (quae
677 246 830 272 summa
851 234 926 271 fuit
944 234 984 271 in
1002 234 1087 281 illo)
1107 233 1149 270 in
1168 246 1239 284 po-

115 287 242 338 pulari
258 287 412 325 levitate
424 287 644 326 consumsit.
676 289 829 339 Itaque,
851 300 942 325 cum
961 295 1175 338 respectum
1188 286 1238 324 ad

117 348 294 379 senatum
308 349 345 379 et
363 341 413 379 ad
430 343 548 380 bonos
563 354 641 380 non
659 342 829 389 haberet,
843 354 928 379 eam
947 341 1019 379 sibi
1038 341 1140 378 viam
1158 341 1241 391 ipse

117 394 294 446 patefecit
323 394 372 432 ad
401 408 492 447 opes
521 409 607 434 suas
639 395 940 447 amplificandas,
973 407 1091 446 quam
1121 394 1241 432 virtus

119 448 230 486 liberi
248 449 384 500 populi
400 449 499 488 ferre
517 462 594 488 non
620 458 757 510 posset.
786 449 887 499 Ejus
909 456 1042 487 autem
1068 448 1138 485 filii
1157 448 1244 485 lon-

122 501 277 563 gissime
308 503 456 542 diversa
487 504 608 550 1311ος
640 503 708 555 qui
732 516 822 542 cum
850 504 1029 542 omnibus
1059 509 1129 548 est,
1157 510 1243 539 tum

120 556 267 617 optimo
285 557 439 608 cuique,
455 558 682 596 carissimus.
714 559 764 596 In
782 557 855 595 hoc
875 570 958 608 spes
977 556 1161 594 libertatis
1173 568 1243 606 po-

125 611 198 648 sita
231 617 315 656 est3
347 613 394 649 ab
424 611 496 650 hoc
528 620 681 664 accepta
706 613 789 662 jam
821 611 948 649 salus:
979 610 1070 648 huic
1100 609 1245 647 summi

123 663 284 703 honores
303 672 341 703 et
360 666 629 717 exquiruntur,
653 674 690 704 et
705 665 827 717 parati
846 673 946 704 sunt.
977 665 1101 714 Cujus
1126 663 1246 714 igitur

123 718 358 769 singularem
388 720 631 781 prudentiam
657 720 906 767 admiramur,
931 720 1013 769 ejus
1043 717 1247 767 stultitiam

124 772 337 812 timemus?
367 774 477 821 Quid
506 774 609 812 enim
632 775 799 822 stultius,
824 787 942 825 quam
973 772 1151 812 inutilem
1177 784 1247 823 Ρο-

123 827 298 888 tentiam,
314 827 518 866 invidiosas
532 841 635 879 opes,
649 828 897 879 cupiditatem
911 826 1136 866 dominandi
1149 839 1249 877 prae-

124 881 279 932 cipitem
310 889 347 921 et
367 882 571 929 lubricam,
606 882 791 920 anteferre
822 895 934 930 verae,
963 881 1085 932 gravi,
1117 879 1249 918 solidae

125 935 282 987 gloriae.
273 937 291 963 ⁹
318 935 389 973 An
420 936 493 974 hoc
521 935 630 985 vidit,
661 949 783 988 puer;
821 935 853 973 si
878 944 988 973 aetate
1011 933 1252 986 processerit,-

129 1001 208 1028 non
235 989 379 1028 videbit
396 992 413 1028 ?

180 1043 241 1081 At
259 1050 314 1081 est
333 1043 566 1095 quibusdam
583 1045 764 1083 inimicus
783 1042 999 1083 clarissimis
1017 1050 1133 1095 atque
1151 1041 1252 1094 opti-

127 1098 202 1136 mis
234 1097 392 1135 civibus.
424 1098 570 1136 Nullus
602 1098 672 1137 iste
698 1099 813 1137 timor
843 1111 922 1137 esse
947 1098 1070 1136 debet.
1102 1097 1253 1135 Omnes

131 1152 257 1191 Caesar
276 1151 494 1190 inimicitias
520 1152 741 1203 rei-publicae
769 1152 1023 1191 condonavit:
1054 1152 1154 1189 hanc
1182 1149 1255 1188 sibi

127 1206 298 1256 judicem
317 1206 526 1253 constituit,
553 1206 654 1244 hanc
671 1206 962 1244 moderatricem
980 1205 1157 1243 omnium
1176 1204 1258 1242 faca

132 1268 274 1298 torum.
305 1259 368 1297 Ita
393 1259 497 1297 enim
520 1260 570 1297 ad
595 1261 873 1311 rempublicam
903 1259 1071 1305 accessit,
1095 1266 1140 1296 ut
1170 1271 1256 1296 eam

132 1313 388 1360 confirmaret,
401 1325 479 1351 non
497 1321 542 1351 ut
561 1322 754 1352 everteret.
785 1314 933 1353 Omnes
945 1313 1066 1351 habeo
1086 1312 1258 1363 cognitos

133 1380 266 1407 sensus
297 1367 567 1406 31101858811115.
598 1368 696 1405 1111111
720 1376 776 1406 851
804 1368 862 1406 1111
892 1367 1090 1419 republica
1115 1366 1257 1414 carius,-

135 1422 235 1461 1111111
253 1429 352 1459 vestr
354 1437 378 1459 a
404 1422 627 1460 auctoritate
646 1435 737 1473 grav
739 1423 798 1459 ius
802 1422 933 1471 ,nihil
951 1423 1140 1459 bonorum
1161 1420 1261 1457 viro-

134 1489 223 1515 rum
257 1475 402 1525 judicio
439 1476 619 1527 optatius,
673 1476 770 1514 nihil
808 1489 898 1514 vera
934 1475 1057 1536 gloria
1094 1474 1259 1512 dulcius.-

137 1531 418 1579 Quamobrem,
439 1532 487 1569 ab
508 1543 551 1569 eo
571 1542 649 1568 non
667 1530 782 1568 modo
801 1530 899 1568 nihil
925 1531 1084 1589 timere,
1095 1528 1160 1567 sed
1178 1541 1263 1566 ma-

133 1586 219 1634 jora
237 1592 275 1622 81
293 1583 451 1622 meliora
469 1592 698 1635 exspectare,
714 1584 884 1622 debetis·
914 1596 1054 1635 neque,
1074 1582 1116 1620 in
1135 1595 1178 1620 80
1194 1581 1264 1633 qui

138 1639 190 1678 ad
219 1638 271 1676 D.
298 1638 471 1676 Brutum
497 1638 693 1677 obsidione
720 1638 964 1677 liberandum
985 1636 1176 1689 profectus
1199 1636 1264 1683 sit,

140 1694 289 1740 timere,
320 1705 369 1730 ne
398 1692 584 1730 memoria
601 1700 756 1731 maneat
781 1692 978 1730 domestici
1003 1690 1157 1738 doloris,
1179 1703 1267 1742 quae

139 1749 229 1800 plus
248 1747 352 1798 apud
370 1759 460 1784 eum
479 1747 611 1797 possit,
632 1760 752 1798 quam
772 1747 874 1785 salus
893 1746 1067 1784 civitatis.
1097 1744 1267 1782 Audebo

142 1802 259 1840 etiam
278 1801 446 1851 obligare
465 1800 582 1838 fidem
601 1814 743 1848 meam,
764 1809 888 1852 patres
907 1799 1124 1851 conscripti,
1145 1798 1267 1845 vobis,

143 1856 365 1917 populoque
394 1855 587 1902 Romano,
611 1855 748 1906 (quod,
767 1855 950 1915 profecto,
971 1867 1060 1892 cum
1078 1865 1141 1890 me
1160 1852 1270 1889 nulla

144 1911 200 1948 vis
220 1916 381 1960 cogeret,
394 1908 516 1947 facere
535 1921 612 1947 non
625 1909 820 1970 auderem,
834 1909 1216 1968 pertimesceremque
1229 1906 1271 1943 in

145 1978 187 2003 re
204 1963 378 2001 maxima
396 1963 650 2023 periculosam
662 1963 881 2014 opinionem
895 1961 1160 2007 temeritatis):
1182 1972 1272 2010 pro-

147 2018 275 2064 mitto,
294 2016 450 2067 recipio,
477 2017 660 2067 spondeo
690 2025 816 2068 patres
840 2015 1056 2067 conscripti,
1077 2014 1122 2053 C.
1144 2013 1272 2052 Caesa-

148 2085 231 2111 rem
251 2071 367 2109 talem
387 2083 537 2121 semper
561 2071 641 2109 fore
660 2071 717 2109 civ
720 2084 795 2118 em,
821 2070 946 2122 qualis
963 2069 1076 2107 hodie
1095 2068 1156 2115 511,
1176 2080 1274 2118 qua-

145 2126 308 2177 lemque
327 2137 418 2163 eum
440 2125 609 2164 maxime
630 2138 686 2164 85
689 2138 723 2174 8,
747 2125 844 2164 velle
873 2132 910 2164 et
928 2130 1059 2175 optare
1076 2122 1273 2174 debemus.
