1509 2397
369 83 484 123 PRO
513 81 775 122 LIGARIO.
805 82 910 122 CAP.
933 84 968 128 7.
1151 84 1226 128 157

106 195 246 233 bantur
261 205 272 230 ι
301 204 414 230 oeusa
432 199 517 230 tum
536 191 667 238 dubia,
684 191 788 242 quod
802 199 881 229 erat
900 191 1047 242 aliquid
1063 191 1103 229 in
1123 192 1229 230 utra-

106 260 182 295 que
199 252 320 298 parte,
340 245 444 297 quod
462 245 615 306 probari
632 252 780 296 posset:
801 257 905 283 nunc
919 246 1052 283 melior
1066 255 1164 284 certe
1184 260 1228 284 ea

104 299 312 351 judicanda
330 307 398 345 est,
425 312 543 351 quam
563 299 677 337 etiam
697 299 767 337 Dii
785 299 1026 348 adjuverunt.
1062 299 1227 350 Cognita

106 367 194 393 vero
213 354 415 392 clementia
433 353 515 399 tua,
542 353 629 404 quis
650 366 727 391 non
753 365 837 391 eam
857 352 1052 390 victoriam
1077 355 1209 404 probet
1198 379 1224 401 ,

105 408 146 447 111
165 421 243 459 qua
261 407 437 446 occiderit
453 419 581 453 nemo,
602 407 676 444 nisi
694 407 892 445 armatus?

161 461 262 500 VII.
290 461 379 509 Sed,
394 469 438 499 ut
456 461 632 499 omittam
651 474 895 499 communem
911 473 1078 509 causam,
1099 461 1227 499 venia-

105 528 193 554 mus
204 515 253 552 ad
264 523 444 553 nostram.
472 515 617 553 Utrum
632 515 787 553 tandem
800 515 993 552 existimas
1004 515 1153 552 facilius
1165 515 1227 553 fu-

106 569 192 617 isse,
205 569 376 616 Tubero,
386 569 542 620 Ligario
556 583 602 608 ex
610 569 746 607 Africa
761 569 877 615 exire,
888 582 937 606 an
951 569 1058 607 vobis
1071 569 1227 607 inAfri-

106 636 192 662 cam
210 635 287 661 non
306 623 464 661 venire?
494 623 784 670 Poteramusne,
804 623 945 674 inquis,
967 636 1054 661 cum
1076 631 1227 661 senatus

108 677 312 716 censuisset
325 680 342 715 ?
373 677 415 715 Si
433 689 495 715 me
514 677 691 723 consulis,
717 678 825 715 nullo
843 677 970 715 modo.
1003 677 1079 715 Sed
1097 685 1226 715 tamen

109 731 312 782 Ligarium
332 739 483 770 senatus
501 731 602 769 idem
618 732 819 781 legaverat.
847 732 981 783 Atque
993 731 1058 768 ille
1074 744 1117 769 eo
1130 740 1226 769 tem-

107 798 200 837 pore
220 786 361 836 paruit,
389 798 478 823 cum
500 798 630 836 parere
660 785 808 823 senatui
835 798 985 823 necesse
1014 792 1118 822 erat:
1160 798 1226 823 vos

104 846 190 877 tum
210 839 401 890 paruistis,
422 852 511 877 cum
530 839 659 890 paruit
676 851 803 883 nemo,
825 841 893 890 qui
917 839 1051 877 11011111.
1082 839 1228 890 Repre-

103 892 230 931 hendo
248 893 391 943 igitur?
418 893 577 931 minime
592 906 703 931 vero:
725 906 850 944 neque
869 894 971 931 enim
990 893 1099 931 licuit
1118 894 1227 931 aliter

104 956 229 985 vestro
253 947 396 998 generi,
422 947 583 993 nomini,
603 947 774 993 familiae,
804 948 1024 998 disciplinae.
1060 948 1136 986 Sed
1153 948 1226 986 hoc

102 1013 181 1039 non
207 1001 383 1047 concedo,
409 1009 467 1049 ut,
497 1001 637 1052 quibus
665 1003 778 1039 rebus
806 1001 1022 1052 gloriemini
1043 1001 1084 1039 in
1103 1002 1224 1050 vobis,

102 1055 251 1094 easdem
264 1055 305 1092 in
323 1055 406 1093 aliis
424 1055 718 1107 reprehendatis.

157 1109 375 1148 Tuberonis
405 1122 483 1148 sors
513 1111 681 1159 conjecta
713 1117 768 1148 est
798 1123 846 1148 ex
868 1110 1223 1159 senatfls-consulto,

101 1175 192 1202 cum
221 1163 301 1214 ipse
333 1175 409 1201 non
439 1163 598 1212 adesset,
629 1165 763 1202 morbo
800 1165 915 1202 etiam
947 1164 1196 1216 impediretur
1211 1179 1221 1202 :

105 1224 288 1256 statuerat
306 1230 495 1256 excusare.
527 1218 624 1256 Haec
643 1231 712 1269 ego
730 1219 820 1257 novi
834 1227 989 1270 propter
1008 1232 1139 1257 omnes
1158 1231 1225 1257 ne-

102 1271 346 1310 cessitudines
365 1285 452 1322 quae
470 1271 568 1309 mihi
587 1281 676 1310 sunt
695 1285 783 1310 cum
803 1273 852 1310 L.
873 1273 1092 1310 Tuberone.
1140 1272 1225 1310 Do-

35 1360 37 1363 Α
101 1325 158 1364 1111
175 1325 255 1363 una
273 1325 424 1373 eruditi,
440 1325 588 1363 militiae
607 1327 909 1372 contubernales,
925 1336 1010 1377 post
1024 1327 1168 1373 affines,
1183 1327 1224 1364 in

103 1379 213 1417 omni
229 1379 394 1430 denique
405 1379 484 1417 vita
502 1379 731 1418 familiares:
753 1393 941 1431 magnum
960 1380 1074 1418 etiam
1090 1381 1224 1418 vincu-

104 1433 204 1479 lum,
224 1433 328 1485 quod
345 1433 479 1471 iisdem
492 1433 626 1472 studiis
640 1447 789 1485 semper
803 1434 864 1472 usi
876 1447 1021 1472 sumus.
1053 1435 1138 1473 Scio
1150 1435 1224 1485 igi-

102 1493 166 1525 tur
183 1487 431 1525 Tuberonem
453 1487 559 1525 domi
582 1500 736 1526 manere
755 1489 943 1526 voluisse:
975 1488 1039 1526 sed
1063 1489 1118 1526 ita
1136 1489 1224 1540 qui-

100 1540 190 1579 dam
216 1543 366 1592 agebat,
386 1542 441 1579 ita
458 1541 677 1592 reipublicae
696 1543 977 1580 sanctissimum
996 1555 1136 1580 nomen
1156 1555 1224 1593 op-

100 1597 279 1647 ponebat,
300 1602 358 1644 ut,
379 1596 494 1634 etiam
514 1596 546 1633 si
558 1596 666 1634 aliter
680 1596 849 1645 sentiret,
870 1598 1073 1634 verborum
1092 1604 1223 1634 tamen

99 1649 270 1701 ipsorum
287 1650 438 1701 pondus
457 1650 641 1688 sustinere
652 1663 729 1688 non
748 1658 887 1702 posset.
918 1651 1040 1689 Cessit
1059 1651 1223 1689 auctori-

99 1703 169 1742 tati
185 1703 413 1765 amplissimi
430 1704 516 1752 viri,
537 1705 598 1742 vel
619 1705 746 1756 potius
768 1705 908 1755 paruit.
943 1705 1036 1744 Una
1062 1712 1117 1742 est
1135 1718 1223 1756 pro-

100 1757 219 1796 fectus
238 1771 327 1796 cum
345 1758 404 1806 iis,
433 1771 599 1810 quorum
623 1766 702 1797 erat
722 1771 801 1797 una
820 1772 956 1797 causa:
988 1758 1133 1796 tardius
1151 1759 1222 1796 iter

101 1811 212 1850 fecit.
234 1812 382 1864 ita-que
392 1813 433 1850 in
444 1812 621 1851 Africam
635 1813 739 1851 venit
750 1815 833 1862 jam
847 1821 1084 1864 occupatam.
1116 1813 1223 1851 Hinc

101 1865 143 1903 in
161 1866 364 1917 Ligarium
383 1867 526 1905 crimen
550 1867 684 1915 oritur,
704 1867 798 1905 vel
787 1880 844 1905 113
862 1868 1000 1918 potius.
1040 1867 1163 1915 Nam,
1191 1867 1223 1905 si

102 1919 245 1961 crimen
257 1927 313 1959 est
323 1920 449 1959 ullum
461 1920 639 1982 voluisse,
647 1933 726 1959 non
736 1921 866 1960 minus
876 1933 1065 1972 magnum
1077 1928 1146 1967 est,
1155 1933 1222 1959 vos

101 1973 290 2022 Africam,
303 1975 480 2013 omnium
493 1975 775 2026 provinciarum
787 1988 927 2022 arcem,
937 1983 1067 2013 natam
1080 1975 1129 2013 ad
1140 1975 1221 2012 bel-

101 2026 328 2067 lum-contra
340 2028 440 2067 hanc
453 2031 590 2067 urbem
606 2029 831 2091 gerendum,
852 2030 1021 2068 obtinere
1039 2029 1218 2076 voluisse,

102 2092 221 2142 quam
231 2082 400 2134 aliquem
413 2084 648 2122 semaluisse
668 2084 824 2135 Atque
814 2097 846 2122 15
858 2091 986 2121 tamen
998 2083 1137 2134 aliquis
1150 2082 1220 2120 Li·

101 2134 229 2183 garius
246 2148 324 2174 non
342 2136 428 2174 fuit.
459 2137 617 2176 Varus
607 2138 814 2189 1mperium
834 2151 872 2176 se
890 2137 1029 2175 habere
1048 2137 1217 2176 dicebat:

102 2185 232 2284 ἲὸεῗὸἷ
229 2196 326 2229 certe
336 2190 514 2230 habebat.
545 2192 634 2243 Sed,
648 2205 804 2244 quoquo
817 2191 933 2230 modo
948 2204 1027 2229 sese
1040 2191 1139 2229 iilud
1149 2191 1219 2228 ha-

233 2247 303 2291 at.)
323 2255 429 2284 vol..
452 2256 514 2283 lv.
918 2257 942 2284 P
