1509 2397
216 90 293 129 128
356 87 469 127 PRO
493 87 690 126 RABIR.
713 86 1002 126 POSTUMO.
1033 87 1141 127 CAP.
1164 90 1202 127 8.

216 209 306 236 cum
338 195 622 247 magistratibus
654 195 791 234 nostris
814 195 955 234 fuerint
976 194 1036 234 his
1061 196 1184 235 causis
1208 195 1338 249 impli-

220 250 295 289 cati
309 252 327 288 Ρ

274 302 400 342 VIII.
428 302 510 349 Tu,
525 303 665 355 inquit,
681 303 907 350 Gabinium,
919 312 964 341 ut
982 315 1112 353 regem
1130 302 1340 351 reduceret,

220 357 422 408 impulisti.
453 358 545 395 Non
564 358 706 408 patitur
721 370 808 395 mea
826 370 888 395 me
897 358 980 406 jam
998 356 1092 395 fides
1110 357 1158 395 de
1172 357 1341 396 Gabinio

222 411 376 463 gravius
395 424 516 462 agere.
541 412 685 459 -Quem
710 411 826 457 enim,
848 424 895 449 ex
920 411 1035 448 tantis
1058 411 1265 450 inimicitiis
1283 425 1344 450 re-

224 473 380 516 ceptum
397 465 438 502 in
456 465 633 515 gratiam,
654 478 806 503 summo
831 464 956 502 studio
973 464 1220 513 defenderim,
1239 465 1344 504 hunc

224 519 411 557 afflictum
422 519 564 557 violare
578 532 654 557 non
669 519 786 556 debeo
801 533 811 556 ε
833 531 1000 569 quocum
1013 525 1135 557 stante
1146 519 1177 557 si
1189 531 1253 557 me
1266 519 1342 558 Cn.

225 572 404 623 Pompeii
421 573 621 611 auctoritas
645 574 686 610 in
707 573 870 622 gratiam
893 584 970 609 non
995 572 1220 621 reduxisset,
1239 585 1344 613 nunc

223 627 307 676 jam
333 626 453 677 ipsius
479 627 633 665 fortuna
658 626 863 664 reduceret.
902 625 978 664 Sed
1005 633 1149 675 tamen,
1180 640 1270 665 cum
1290 626 1346 667 ita

228 679 337 726 dicis,
360 680 537 718 Postumi
555 681 725 732 impulsu
754 679 966 718 Gabinium
985 679 1198 730 profectum
1221 681 1348 719 Alex-2

228 733 428 778 andriam;
469 734 501 772 si
527 734 738 773 defensioni
767 733 925 772 Gabinii
956 733 1073 772 fidem
1104 738 1183 772 nori
1214 734 1346 784 habes,

228 787 507 826 obliviscerisne
539 788 654 826 etiam
679 787 925 826 accusationis
950 790 1058 826 tuae?
1091 787 1280 827 Gabinius
1309 801 1349 828 se

229 841 271 879 id
289 841 418 879 fecisse
432 841 581 880 dicebat
597 842 816 893 reipublicae
834 841 962 889 causa,
979 841 1083 893 quod
1097 841 1255 881 classem
1268 842 1349 881 Ar-

229 894 353 933 chelai
379 895 542 944 timeret,
573 896 676 947 quod
697 909 802 934 mare
821 895 1004 933 refertum
1025 895 1106 933 fore
1122 896 1350 947 praedonum

230 956 395 1001 putaret.
426 949 532 1000 Lege
551 950 666 988 etiam
684 949 724 987 id
743 949 816 987 sibi
833 949 983 988 licuisse
997 949 1157 988 dicebat.
1191 950 1258 988 Tu
1275 950 1350 989 ini-

231 1002 354 1040 micus
373 1015 499 1053 negas.
531 1004 717 1055 Ignosco;
749 1011 786 1042 et
805 1016 849 1042 eo
866 1003 1003 1054 magis,
1024 1003 1129 1055 quod
1147 1011 1204 1043 est
1220 1011 1351 1044 contra

230 1056 330 1094 illud
345 1056 574 1106 judicatum.
613 1057 744 1096 Redeo
768 1057 886 1108 igitur
904 1057 953 1095 ad
977 1057 1121 1096 crimen
1145 1065 1182 1097 et
1199 1071 1353 1098 accusa-

231 1117 377 1148 tionem
392 1118 512 1148 tuam.

285 1163 395 1211 Quid
413 1165 679 1212 vociferabam,
700 1164 831 1203 decem
847 1165 971 1203 millia
988 1166 1175 1204 talentum
1188 1165 1356 1206 Gabinio

231 1230 312 1255 esse
333 1218 549 1268 promissa?
581 1219 687 1257 Huic
709 1219 883 1258 videlicet
907 1219 1139 1271 perblandus
1163 1219 1354 1271 reperien-

232 1270 305 1309 dus
330 1271 418 1319 fuit,
449 1272 517 1324 qui
542 1273 740 1311 hominem
759 1276 820 1316 (ut
838 1281 881 1311 tu
900 1273 972 1319 vis)
1003 1273 1268 1312 avarissimum
1286 1287 1354 1314 ex.

231 1332 368 1373 oraret,
377 1326 588 1364 sestertium
599 1327 658 1365 bis
669 1327 807 1365 millies
819 1334 856 1365 et
867 1327 1174 1378 quadringenties
1185 1339 1234 1365 ne
1246 1340 1357 1380 mag-

232 1391 372 1430 nopere
391 1387 658 1419 contemneret.
690 1381 878 1419 Gabinius
891 1381 1004 1429 fflud,
1025 1394 1180 1433 quoquo
1200 1381 1355 1422 oonsilio

232 1432 335 1478 fecit,
355 1433 444 1471 fecit
462 1442 560 1472 certe
579 1448 658 1473 suo.
688 1434 957 1486 Quaecumque
970 1448 1079 1473 mens
1093 1435 1161 1473 illa
1177 1435 1265 1484 fuit,
1276 1436 1356 1475 Ga,

234 1486 330 1524 binii
348 1486 434 1525 fuit.
470 1487 558 1526 Sive
582 1489 663 1537 ille,
683 1496 727 1526 ut
752 1489 833 1540 ipse
851 1489 1013 1537 dicebat,
1038 1489 1229 1540 gloriam3
1260 1489 1352 1539 sive,

234 1547 280 1578 ut
297 1547 340 1578 tu
364 1541 434 1588 vis,
454 1542 671 1593 pecuniam,
695 1543 894 1594 quaesivit3
925 1543 1101 1595 quaesivit
1121 1543 1205 1581 sibi.
1243 1544 1357 1583 Num

237 1594 397 1632 Gabinii
425 1608 565 1642 comes,
592 1597 653 1634 vel
678 1597 862 1635 sectator?
891 1605 1016 1648 negat.
1058 1597 1151 1635 Non
1176 1597 1280 1636 enim
1305 1598 1355 1637 ad

236 1647 396 1686 Gabinii
413 1651 539 1699 (cujus
558 1650 599 1688 id
617 1651 815 1702 negotium
825 1663 903 1690 non
917 1658 1028 1699 erat),
1049 1651 1116 1689 sed
1129 1650 1178 1689 ad
1193 1651 1239 1689 P.
1254 1651 1359 1690 Len·-

235 1702 322 1750 tuli‚
343 1702 540 1741 clarissimi
554 1704 638 1752 viri,
659 1705 936 1753 auctoritatem,
949 1718 972 1743 a
989 1712 1123 1744 senatu
1134 1705 1357 1756 profectam,

235 1756 447 1848 {teconsilio
465 1764 579 1806 certo,
608 1766 645 1796 et
671 1772 736 1811 spe
754 1771 832 1798 non
857 1759 990 1809 dubia,
1016 1759 1186 1798 Romam
1204 1767 1359 1799 conten-

287 1819 357 1848 rat.

291 1863 352 1901 At
378 1863 551 1904 dioecetes
572 1864 647 1904 fuit
671 1867 808 1918 regius.
848 1867 904 1906 Et
928 1867 1085 1920 quidem
1116 1868 1158 1906 in
1185 1868 1358 1908 custodia

235 1916 353 1956 etiam
371 1917 448 1956 fuit
463 1919 593 1970 regia:
624 1928 662 1958 et
672 1921 750 1959 vita
769 1923 851 1972 ejus
872 1921 999 1961 ablata
1008 1934 1117 1974 paene
1130 1929 1196 1961 est.
1226 1921 1360 1961 Multa

235 1979 430 2022 praeterae,
461 1986 549 2024 quae
577 1974 697 2012 libido
725 1976 838 2026 regis,
873 1990 960 2028 quae
991 1977 1204 2025 necessitas,
1233 1977 1358 2028 coegit

235 2025 346 2073 ferre,
366 2026 535 2077 pertulit.
571 2027 752 2076 Quarum
776 2031 952 2069 omnium
977 2043 1106 2069 rerum
1130 2043 1209 2069 una
1232 2042 1360 2081 repre-

234 2078 369 2118 hensio
395 2087 464 2127 est,
484 2081 587 2132 quod
606 2095 769 2133 regnum
794 2083 959 2133 intrarit,
986 2084 1090 2136 quod
1114 2084 1290 2135 potestati
1317 2098 1358 2124 se

235 2132 334 2183 regis
353 2134 608 2181 commiserit3
639 2149 773 2175 verum
798 2138 829 2175 si
849 2138 1071 2189 quaerimus,
1092 2139 1231 2177 stulte:
1260 2138 1357 2189 quid

235 2186 338 2225 enim
353 2188 521 2237 stultius,
539 2203 656 2241 quam
670 2191 836 2242 equitem
850 2192 1088 2241 Romanum,
1103 2206 1150 2232 ex
1165 2192 1236 2231 hac
1247 2195 1354 2241 urbe,
