1509 2397
352 84 692 126 PHILIPPICA
720 86 798 124 XI.
829 86 934 125 θὼν
968 86 1030 123 12.
1169 83 1242 122 351

133 191 335 241 tellexerit,
354 193 443 243 plus
473 206 512 232 se
536 194 756 245 reipublicae
778 194 1040 246 profuturum,
1072 192 1103 230 si
1133 190 1255 229 Dola-

133 245 274 283 bellam
286 255 549 299 persequatur,
562 261 682 299 quam
702 248 733 285 si
750 249 791 286 in
808 248 958 286 Graecia
969 253 1147 292 maneat3
1169 253 1256 296 aget

133 298 216 350 ipse
232 313 301 351 per
319 313 411 349 sese,
431 310 477 339 ut
494 301 620 340 adhuc
647 314 801 353 quoque
829 302 942 347 fecit3
973 313 1097 352 neque
1129 300 1170 337 in
1199 306 1255 337 tot

131 352 330 403 incendiis,
357 355 498 406 quibus
531 356 729 394 confestim
759 355 1055 394 succurrendum
1085 362 1153 401 est,
1189 366 1254 391 ex-

133 408 318 469 spectabit
330 417 516 448 senatum.
538 411 645 448 Nam
658 418 695 448 et
706 410 868 458 Brutus,
886 417 923 448 et
938 409 1106 455 Cassius,
1119 407 1253 445 multis

131 462 215 510 jam
234 462 275 499 in
294 464 443 510 rebus,
433 477 513 515 ipse
526 465 597 502 sibi
610 472 762 502 senatus
773 464 859 502 fuit.
890 464 1030 502 Necess
1016 475 1052 500 se
1066 470 1120 500 est
1135 462 1252 508 enim,

133 514 174 552 in
193 516 302 554 tanta
320 519 561 556 conversione
587 527 624 557 et
642 519 926 570 perturbatione
944 529 1087 563 rerum,
1107 522 1256 566 tempo-

132 569 239 607 ribus
258 571 386 622 potius
404 585 550 623 parere,
571 586 690 624 quam
708 572 891 610 moribus.
922 572 1008 610 Nec
1028 570 1131 608 enim
1150 581 1254 606 nunc

130 623 304 674 primum
322 634 390 664 aut
409 627 556 665 Brutus
581 635 648 665 aut
667 626 821 665 Cassius
841 626 1003 665 salutem
1021 624 1255 662 libertatem-

132 690 208 728 que
221 678 368 729 patriae,
385 680 510 731 legem
522 681 813 727 sanctissimam,
831 689 867 719 et
878 692 1026 718 morem
1045 678 1252 730 optimum,

127 731 328 780 judicavit.
372 735 526 786 Itaque,
547 735 578 774 si
598 735 647 772 ad
665 748 734 773 nos
758 734 856 772 nihil
885 734 1087 772 referretur
1105 732 1153 769 de
1172 731 1256 769 Dc-

130 785 272 824 labella
286 789 562 839 persequendo,
574 797 705 827 tamen
724 802 793 840 ego
804 802 874 840 pro
892 788 1040 826 decreto
1058 794 1250 838 putarem,

130 851 220 878 cum
240 850 362 879 essent
381 843 475 881 tales
494 843 648 891 virtute,
669 843 904 890 auctoritate,
918 841 1128 887 nobilitate,
1149 853 1255 878 sum-2

129 893 187 931 mi
205 894 300 933 viri:
330 909 496 947 quorum
515 897 670 935 alterius
696 898 779 947 jam
797 904 911 935 notus
931 895 1041 933 nobis
1066 902 1122 933 est
1148 907 1254 932 exer-

129 947 240 996 citus,
261 950 415 990 alterius
434 951 599 989 auditus.

185 1002 287 1040 XII.
318 1004 410 1042 Non
430 1005 548 1056 igitur
574 1006 723 1043 Brutus
743 1004 974 1057 exspectavit
993 1004 1142 1042 decreta
1166 1015 1254 1040 nos-

130 1062 203 1104 tra,
230 1069 320 1095 cum
339 1059 465 1097 studia
483 1062 622 1098 1105501.
667 1061 806 1111 Neque
838 1059 942 1097 enim
962 1066 1017 1096 est
1036 1059 1077 1095 in
1101 1058 1255 1110 provin-

129 1109 229 1148 ciam
241 1124 352 1150 suam
364 1113 519 1152 Cretam
526 1114 734 1165 profectus:
753 1114 794 1151 in
804 1112 1075 1151 Macedoniam
1090 1113 1255 1150 alienam

128 1164 348 1205 advolavit:
380 1168 511 1206 omnia
536 1182 605 1206 5113
633 1175 797 1229 putavit,
819 1181 906 1218 quae
935 1180 1001 1205 vos
1031 1174 1155 1205 vestra
1174 1179 1254 1204 esse

127 1219 297 1258 velletis:
327 1221 494 1272 legiones
518 1222 737 1273 conscripsit
760 1234 833 1259 nov
837 1235 890 1269 as,
912 1221 1059 1272 excepit
1081 1228 1251 1259 veteres:

130 1273 346 1323 equitatum
361 1275 410 1313 ad
425 1289 463 1314 se
482 1276 643 1314 abduxit
655 1276 890 1321 Dolabellae3
912 1284 1026 1326 atque
1038 1287 1142 1323 eum,
1158 1287 1255 1312 non-

130 1326 227 1364 dum
249 1337 358 1367 tanto
376 1330 576 1381 parricidio
595 1330 774 1378 oblitum,
803 1330 953 1368 hostem
978 1342 1048 1367 5113
1067 1336 1144 1368 sen
1136 1328 1254 1366 entia

124 1381 324 1430 judicavit.
364 1385 486 1431 ham,
506 1385 547 1422 ni
572 1385 626 1422 ita
656 1392 764 1432 esset,
786 1397 863 1436 quo
885 1386 971 1434 jure
995 1384 1209 1435 equitatum
1229 1396 1252 1421 a

129 1437 284 1475 consule
302 1437 534 1477 abduceret?
565 1438 705 1486 Quid?
735 1439 781 1477 C.
809 1438 977 1485 Cassius,
997 1438 1080 1489 pari
1099 1437 1251 1488 magni-

129 1489 263 1528 tudine
280 1492 401 1530 animi
420 1500 456 1531 et
483 1493 629 1532 consilii
656 1493 851 1545 praeditus,
871 1505 999 1530 nonne
1012 1505 1054 1530 eo
1073 1505 1121 1530 ex
1136 1489 1253 1530 Italia

130 1545 287 1584 consilio
314 1547 506 1597 profectus
531 1555 600 1594 est,
627 1555 672 1585 ut
689 1547 905 1599 prohiberet
937 1546 1048 1598 Syria
1067 1546 1253 1584 Dolabel-

125 1597 235 1636 lam?
265 1600 358 1649 Qua
382 1601 499 1652 lege?
530 1615 607 1654 quo
624 1602 741 1651 jure?
771 1601 846 1648 Eo,
868 1601 972 1653 quod
996 1600 1180 1652 Jupiter·
1169 1612 1252 1652 ipse

127 1653 270 1702 sanxit,
291 1662 335 1693 ut
364 1656 508 1704 omnia,
538 1669 626 1707 quae
654 1655 872 1707 reipublicae
905 1655 1085 1693 salutaria
1113 1661 1250 1701 essent,

128 1706 304 1770 legitima
333 1716 370 1747 et
403 1711 509 1759 justa
540 1711 783 1748 haberentur.
830 1709 904 1748 Est
933 1709 1036 1747 enim
1064 1709 1129 1747 lex
1153 1708 1252 1746 nihil

124 1761 246 1810 aliud,
266 1763 340 1801 nisi
369 1772 469 1802 recta
495 1772 532 1803 et
560 1778 583 1802 a
605 1764 765 1802 numine
787 1764 963 1802 Deorum
991 1770 1110 1801 tracta
1138 1763 1250 1824 ratio,

126 1814 320 1867 imperans
343 1818 515 1867 honesta,
536 1819 743 1870 prohibens
766 1817 964 1857 contraria-
1005 1817 1112 1855 Huic
1130 1817 1249 1868 igitur

126 1868 205 1920 1031
233 1871 362 1923 paruit
392 1872 560 1917 Cassius,
594 1886 683 1912 cum
717 1881 773 1911 est
794 1873 835 1910 in
861 1872 1013 1923 Syriam
1041 1871 1247 1923 profectus,

125 1924 291 1963 alienam
310 1927 559 1977 provinciam,
581 1928 613 1965 si
631 1927 804 1966 homines
828 1927 977 1977 legibus
996 1926 1143 1977 seriptis
1162 1933 1246 1964 ute-

124 1985 280 2025 rentu1·;
310 1980 370 2019 his
389 1988 484 2019 vero
495 1982 696 2033 oppressis,
717 1994 841 2029 suam,
856 1981 946 2041 ⁸lege
964 1989 1124 2018 naturae.

182 2033 274 2081 Sed,
291 2042 335 2071 ut
354 2048 398 2073 ea
409 2037 533 2074 vestra
552 2049 706 2087 quoque
722 2035 945 2074 auctoritate
960 2034 1146 2081 firmetur,
1161 2045 1249 2072 cen-

127 2096 215 2124 seo:
247 2090 276 2110 “
296 2088 400 2127 Cum
426 2090 472 2128 P.
494 2090 712 2137 Dolabella,
732 2089 876 2141 quique
895 2090 976 2138 ejus
996 2088 1248 2127 crudelissimi

126 2147 164 2177 et
191 2142 375 2181 teterrimi
403 2144 579 2182 facinoris
609 2144 787 2190 ministri,
815 2143 918 2189 socii,
948 2142 1139 2191 adjutores
1163 2142 1251 2180 fue-

125 2202 229 2244 runt,
249 2195 374 2236 hostes
392 2198 526 2249 populi
546 2199 715 2237 Romani
740 2212 763 2236 3
788 2207 920 2237 senatu
952 2196 1112 2246 judicati
1142 2197 1243 2241 sint;
