1509 2397
270 130 345 175 172
484 130 600 170 PRO
628 129 950 170 DEIOTARO,
980 128 1085 170 Cn.
1115 119 1155 170 9ss

267 238 300 276 is
319 250 420 277 unus
439 246 548 287 oeset,
569 239 636 290 qui
656 246 780 290 posset
799 238 867 288 [de
880 236 1299 288 absenteseindicare]
1328 235 1384 274 Et
1426 277 1429 279 ,

268 291 401 330 fratres
421 305 538 339 meos,
558 293 698 344 inquit,
726 293 830 345 quod
859 300 966 331 erant
991 292 1143 339 conscii,
1172 291 1214 330 in
1230 289 1384 329 vincula

268 346 439 395 conjecit.
469 347 572 385 Cum
590 347 707 398 igitur
725 360 786 385 eos
814 346 985 395 vinciret,
1005 359 1101 398 quos
1119 357 1249 384 secum
1265 344 1384 387 habe-

267 400 358 445 bat;
390 407 426 438 te
445 401 613 438 solutum
634 401 799 438 Romam
820 399 1092 451 mittebag'qui
1111 399 1243 444 eadem
1256 397 1382 445 scires,

266 466 354 504 quae
371 454 457 492 iilos
476 454 567 492 scire
586 455 678 492 dicis
693 457 710 493 ?
1217 495 1223 502 ,

321 507 446 546 VIII.
477 508 644 559 Reliqua
657 522 745 559 pars
760 508 1006 547 accusationis
1017 507 1162 559 duplex
1169 506 1268 545 fuit:
1288 517 1383 549 una,

265 573 396 611 regem
412 574 560 613 semper
578 563 617 599 in
639 563 798 613 speculis
809 562 941 609 fuisse,
957 575 1046 600 cum
1059 575 1082 599 a
1095 569 1133 599 te
1145 561 1274 598 animo
1289 564 1384 597 esset

267 615 390 653 alieno
407 629 419 660 ς
449 616 581 660 altera,
614 617 821 654 exercitum
852 629 942 654 eum
974 623 1103 654 contra
1131 621 1169 653 te
1197 625 1386 665 magnum

219 716 224 718 s
267 670 517 720 comparasse.
560 670 621 707 De
641 670 806 707 exercitu
833 669 956 708 dicam
978 669 1154 715 breviter,
1174 675 1220 706 ut
1237 676 1382 706 caetera.

268 722 485 775 Nunquam
514 737 574 761 eas
594 724 718 774 copias
737 737 804 761 rex
834 723 1039 761 Deiotarus
1062 722 1212 768 habuit,
1244 721 1386 773 quibus

266 775 406 814 inferre
425 778 569 815 beilum
596 778 739 828 populo
769 778 949 815 Romano
977 783 1131 828 posset3
1162 775 1227 814 sed
1244 774 1386 826 quibus

266 829 361 868 fines
380 844 468 868 suos
483 833 530 869 ab
551 831 836 869 excursionibus
854 831 1023 869 hostium
1037 838 1074 869 et
1085 829 1291 868 latrociniis
1303 835 1386 866 tue-

266 892 384 932 retur,
407 893 443 922 et
461 885 754 936 imperatoribus
773 885 909 923 nostris
928 884 1073 922 auxilia
1089 883 1268 922 mitteret.
1307 882 1386 921 At-

267 951 343 989 que
362 947 473 976 antea
485 939 642 990 quidem
661 940 823 988 majores
835 939 962 990 copias
977 939 1077 976 alere
1091 944 1261 990 poterat3
1281 948 1386 975 nune

267 1004 426 1042 exiguas
444 1005 509 1030 Vix
530 993 627 1030 tueri
646 1000 782 1044 potest.
1340 998 1343 1001 '

323 1047 381 1084 At
400 1046 505 1084 misit
518 1046 565 1084 ad
578 1047 791 1095 Caecilium,
805 1046 929 1085 nescio
947 1059 1064 1097 quem
1079 1060 1089 1084 ε
1120 1045 1186 1084 sed
1200 1058 1276 1094 eos,
1292 1056 1388 1096 quos

265 1099 385 1148 misit,
407 1100 510 1152 quod
536 1101 590 1139 ire
608 1101 828 1147 noluerunt,
851 1101 891 1138 in
911 1100 1064 1138 vincula
1082 1099 1252 1148 conjecit.
1293 1098 1386 1136 Non

269 1166 413 1204 quaero,
435 1167 553 1205 quam
573 1154 775 1192 verisimile
795 1155 856 1202 sit,
869 1161 936 1192 aut
954 1166 1032 1192 non
1049 1153 1227 1191 habuisse
1239 1164 1384 1203 regem,

269 1220 366 1258 quos
385 1207 576 1252 mitteret:
608 1216 674 1245 aut
694 1221 769 1255 eos,
791 1220 886 1259 quos
903 1207 1081 1254 misisset,
1094 1219 1172 1246 non
1190 1206 1386 1258 paruisse:

268 1269 350 1308 aut,
371 1262 439 1312 qui
458 1262 557 1299 dicto
573 1262 768 1300 audientes
786 1262 826 1300 in
845 1261 953 1299 tanta
972 1274 1012 1299 re
1030 1273 1107 1299 non
1125 1260 1300 1306 fuissent,
1325 1271 1388 1298 eos

268 1314 413 1353 vinctos
440 1315 566 1366 potius
592 1329 711 1367 quam
730 1324 880 1354 necatos
898 1314 1026 1353 fuisse.
1056 1314 1133 1354 Sed
1150 1322 1280 1352 tamen
1298 1325 1388 1352 cum

269 1368 318 1406 ad
338 1369 537 1408 Caecilium
557 1370 745 1415 mittebat,
773 1377 906 1407 utrum
928 1381 1083 1407 causam
1112 1368 1221 1406 illam
1249 1367 1389 1406 victam

268 1435 348 1460 esse
378 1423 580 1470 nesciebat,
609 1437 658 1461 an
679 1424 879 1462 Caecilium
905 1423 1022 1461 istum
1047 1434 1236 1474 magnum
1263 1420 1391 1460 homi-

270 1489 359 1514 nem
378 1479 570 1528 putabat?
602 1491 718 1529 quem
737 1478 904 1529 profecto
923 1477 969 1524 is,
995 1477 1063 1528 qui
1081 1476 1225 1528 optime
1242 1483 1391 1514 nostros

268 1530 443 1569 homines
461 1532 581 1579 novit,
602 1532 661 1569 vel
681 1532 772 1583 quia
790 1534 930 1579 nosset,
950 1531 1012 1569 vel
1035 1530 1127 1582 quia
1151 1542 1229 1568 non
1247 1532 1388 1578 nosset,

268 1592 538 1623 contemneret.
575 1585 741 1624 Addidit
760 1586 875 1624 etiam
893 1584 1005 1632 illud,
1033 1584 1178 1636 equites
1195 1596 1274 1622 non
1292 1582 1393 1635 opti-

272 1650 355 1676 mos
374 1639 546 1677 misisse:
578 1647 734 1687 veteres,
755 1639 879 1686 credo,
907 1638 1060 1683 Caesar3
1091 1637 1188 1675 nihil
1211 1637 1260 1676 ad
1277 1644 1391 1675 tuum

273 1693 511 1743 equitatum:
544 1693 609 1731 sed
638 1693 743 1731 misit
769 1706 817 1731 ex
845 1693 904 1741 iis,
936 1705 1031 1744 quos
1060 1691 1210 1739 habuit,
1242 1691 1390 1730 electos.

272 1746 346 1784 Ait
365 1747 490 1784 nescio
510 1760 625 1797 quem
655 1760 702 1785 ex
731 1760 774 1785 eo
801 1759 961 1784 numero
983 1758 1135 1783 servum
1161 1745 1391 1794 judicatum.

274 1799 368 1838 Non
387 1800 570 1838 arbitror:
601 1813 677 1838 non
698 1800 851 1838 audivi:
883 1799 948 1838 sed
972 1798 1013 1836 in
1033 1811 1090 1846 eo,
1113 1799 1228 1837 etiam
1247 1799 1278 1837 si
1296 1799 1392 1837 acci-

274 1853 407 1900 disset,
428 1854 582 1904 culpam
601 1855 698 1905 regis
712 1855 860 1892 nullam
876 1853 992 1891 fuisse
1011 1853 1222 1891 arbitrarer.

327 1907 403 1945 IX.
432 1908 574 1945 Alieno
604 1917 733 1945 autem
763 1922 786 1946 a
811 1916 848 1946 te
877 1907 1006 1945 animo
1024 1906 1110 1944 fuit.
1151 1906 1391 1954 Quomodo?

270 1957 461 2012 SPeravit,
475 1961 618 2008 (credo)
631 1961 800 2000 difficiles
815 1961 886 2000 tibi
896 1960 1147 1999 Alexandriae
1158 1961 1238 1999 fore
1250 1962 1389 2010 exitus,

272 2022 429 2068 propter
458 2015 620 2066 regionis
648 2024 826 2053 naturam
859 2022 896 2053 et
928 2014 1110 2052 fluminis.
1150 2015 1209 2052 At
1235 2028 1278 2053 eo
1310 2015 1393 2066 ipso

271 2069 444 2120 'tempore
461 2069 662 2120 pecuniam
682 2069 807 2115 dedjt3
828 2069 1037 2107 exercitum
1055 2067 1175 2106 aluit:
1206 2068 1255 2116 ei,
1275 2082 1393 2120 quem

273 2122 382 2161 Asiae
399 2122 632 2174 praefeceras,
653 2124 762 2161 nulla
779 2123 820 2160 in
838 2136 879 2161 re
896 2122 1042 2160 defuit:
1073 2121 1143 2160 tibi
1157 2122 1302 2171 victori,
1315 2135 1392 2162 non

272 2176 400 2214 solum
420 2176 468 2214 ad
486 2176 709 2228 hospitium,
730 2176 795 2215 sed
813 2176 862 2214 ad
879 2176 1094 2228 periculum
1119 2175 1250 2223 etiam,
1278 2184 1394 2239 atque

274 2229 326 2272 ad
335 2229 469 2277 aciem,
479 2238 615 2282 praesto
623 2231 708 2270 fuit.
725 2231 908 2270 Secutum
923 2237 978 2268 aet
991 2229 1137 2269 bellum
1149 2229 1392 2269 Africanum.
