1509 2397
440 504 668 545 ORATIO
698 504 928 544 XXXVII.

193 744 265 793 IN
300 744 354 792 L,
389 743 834 792 CALPUR-NIUM
869 741 1186 791 PISONEM.

618 886 767 913 ..φ-

467 1004 912 1045 ARGUMENTUM.

137 1128 260 1176 CUM,
276 1129 318 1168 in
337 1130 563 1169 sententiam
582 1144 605 1169 a
620 1130 800 1169 Cicerone
813 1130 855 1168 in
873 1129 1042 1168 oratione
1062 1129 1090 1151 “
1104 1127 1152 1166 de
1162 1128 1260 1166 Pro-

135 1183 267 1222 vinciis
287 1183 588 1223 Consularibus'’
608 1185 763 1232 dictam,
789 1184 936 1222 factum
965 1190 1062 1221 esset
1087 1184 1257 1221 senatus-

137 1237 369 1285 consultum,
404 1251 480 1289 quo
514 1239 604 1276 Piso
626 1245 664 1276 et
690 1238 880 1277 Gabinius
902 1238 1189 1284 revocabantur,
1220 1243 1258 1273 et

137 1289 203 1328 ille
221 1290 378 1328 redisset
396 1304 416 1329 e
435 1292 483 1329 M
486 1291 693 1337 acedonla
724 1304 838 1329 ausus
854 1298 922 1339 est,
943 1290 984 1327 in
1004 1296 1151 1337 senatu,
1171 1302 1259 1339 gra·

139 1343 235 1381 viter
253 1343 300 1382 de
319 1343 499 1383 Cicerone
518 1345 712 1396 conqueri,
734 1351 771 1382 et
788 1343 1004 1382 nonnulla
992 1355 1034 1380 1n
1054 1355 1143 1380 eum
1172 1354 1261 1380 con-

139 1397 339 1435 tumeliose
357 1397 493 1436 dicere.
533 1398 654 1436 Hac
643 1397 785 1447 mjuria
803 1398 978 1435 incensus
994 1396 1141 1445 Cicero,
1159 1395 1261 1434 hanc

139 1450 350 1488 orationem
375 1451 524 1500 habuit,
545 1465 637 1502 qua,
658 1451 847 1502 quidquid
865 1450 1004 1488 doloris
1023 1456 1259 1501 conceperat,

139 1501 180 1540 in
199 1517 289 1542 eum
301 1517 414 1543 omne
429 1504 574 1542 effudit.
605 1504 804 1557 Praecipua
816 1503 965 1542 dicendi
977 1503 1135 1542 materia
1149 1504 1266 1541 ducta

141 1564 197 1596 est
215 1571 238 1596 a
256 1558 536 1610 comparatione
561 1559 621 1598 sui
640 1572 730 1597 cum
750 1558 899 1597 Pisone.
931 1557 1138 1597 Contendit
1157 1556 1261 1595 enim

142 1611 384 1650 consulatum
403 1625 491 1651 cum
507 1613 722 1660 consulatu,
737 1612 885 1651 exitum
905 1625 953 1651 ex
970 1612 1078 1650 Urbe
1092 1623 1181 1649 cum
1196 1623 1264 1648 ex-

140 1664 213 1715 itu,
232 1665 398 1704 reditum
416 1666 458 1704 in
471 1666 619 1705 Urbem
632 1679 718 1705 cum
733 1666 873 1715 reditu,
887 1673 924 1704 et
938 1665 1056 1704 vitam
1074 1666 1263 1703 urbanam

141 1725 256 1770 atque
270 1719 464 1758 assiduam
486 1733 576 1759 cum
597 1720 676 1759 vita
697 1720 857 1758 urbana„
898 1719 1086 1758 Praeterea
1104 1717 1265 1757 crimina

140 1772 400 1823 provincialia,
409 1774 684 1822 crudelitatem,
694 1773 906 1835 avaritiam,
915 1771 1263 1826 intemperantiam,

143 1825 316 1877 strictim,
337 1827 402 1867 sed
415 1830 560 1880 acerbe,
580 1827 811 1882 perstringit.
