1555 2433
304 70 329 104 ὃ
580 67 695 107 PRO
723 67 931 109 BALBO.
961 68 1066 108 CAP.
1096 68 1133 114 7.

298 186 451 213 5111111110
468 173 545 213 0110
563 187 640 213 11011
657 174 767 213 facile
789 175 998 225 discuntur,
1027 176 1099 215 Cn.
1120 174 1328 227 Pompeius
1345 188 1413 214 ex-

297 228 424 276 cellat,
445 228 677 279 singularem
697 229 906 280 quamdam
924 229 1079 268 laudem
1091 230 1186 278 ejus,
1203 236 1240 268 et
1256 236 1412 281 praesta-

295 282 415 320 bilem
435 295 512 320 esse
531 282 725 321 scientiam
742 283 784 320 in
802 283 1017 331 foederibus,
1048 282 1301 335 pactionibus,
1322 295 1413 322 con-

296 335 516 384 ditionibus,
536 336 783 387 populorum,
799 350 949 388 regum,
965 344 1181 375 exterarum
1195 337 1410 384 nationum,

295 389 337 427 in
363 389 538 428 universo
564 390 727 441 denique
754 391 845 428 belli
864 392 950 440 jure
975 404 1018 429 ac
1041 389 1168 442 pacis:
1198 390 1272 428 nisi
1298 390 1409 438 forte,

297 456 385 494 quae
403 455 471 481 nos
489 443 577 481 libri
596 443 730 482 docent
747 444 788 481 in
806 444 944 483 umbra
962 451 998 482 et
1016 444 1106 492 otio,
1135 457 1179 482 ea
1198 444 1270 482 Cn.
1291 444 1411 481 Pom-

294 496 427 547 peium
445 509 583 547 neque,
603 509 692 535 cum
710 498 970 547 requiesceret
997 497 1130 545 literae,
1160 509 1298 548 neque,
1319 509 1409 536 cum

294 562 376 588 rem
391 557 548 600 gereret,
569 563 626 587 res
640 550 745 601 ipsae,
766 550 896 588 docere
913 558 1132 602 potuerunt.

350 601 519 654 [Atque,
535 610 579 641 ut
591 616 660 654 0ςο
674 603 808 651 sentio,
825 604 986 652 judices,
1002 617 1115 642 causa
1126 604 1226 643 dicta
1241 611 1297 643 est
1310 611 1408 643 tem-

293 656 395 709 poris
408 657 531 707 magis
542 657 648 705 vitio,
664 670 783 708 quam
797 658 914 696 ullius
928 657 1056 696 delicti
1066 657 1246 696 crimine.
1271 657 1319 696 de
1330 670 1409 709 quo

293 711 406 762 plura
424 722 500 748 non
521 710 657 749 dicam.
686 711 775 761 Ego
793 711 840 749 de
857 711 974 761 hujus
993 711 1187 762 (inquam)
1199 723 1336 763 genere
1343 713 1410 760 ju-

292 764 381 802 dicii
399 764 511 814 plura
528 777 606 802 non
626 764 784 816 dicam.]
814 765 886 803 Est
912 765 1015 804 enim
1040 765 1123 803 haec
1147 764 1277 803 saeculi
1301 765 1409 804 labes

292 817 470 869 quaedam
490 825 527 855 et
544 818 709 866 macula,
729 818 863 856 virtuti
880 819 1062 867 invidere,
1077 819 1174 857 velle
1191 819 1320 870 ipsum
1339 819 1410 857 flo-

292 884 374 909 rem
393 871 587 922 dignitatis
605 872 821 923 infringere.
862 872 1034 919 Etenim,
1055 872 1087 910 si
1105 872 1177 911 Cn.
1198 872 1409 923 Pompeius

291 925 432 963 abhinc
446 937 564 964 annos
579 926 806 977 quingentos
824 926 969 974 fuisset,
990 926 1022 964 is
1036 926 1107 973 vir,
1124 939 1146 964 a
1164 938 1242 977 quo
1256 932 1409 965 senatus

292 979 571 1017 adolescentulo
590 987 705 1030 atque
725 980 852 1031 equite
873 979 1093 1031 [Romano]
1115 992 1215 1031 saepe
1234 991 1409 1017 commu-

291 1033 351 1070 nis
370 1033 501 1071 salutis
519 1033 710 1071 auxilium
729 1035 957 1084 expetissem
987 1034 1097 1082 cujus
1116 1046 1174 1071 res
1194 1040 1308 1084 gestae
1325 1045 1409 1071 om-

290 1099 358 1124 nes
386 1094 530 1137 gentes,
563 1100 653 1125 cum
681 1087 887 1125 clarissima
910 1086 1080 1134 victoria,
1111 1087 1212 1125 terra
1234 1086 1409 1138 marique

291 1141 581 1191 peragrassent3
612 1142 721 1190 cujus
740 1148 815 1179 tres
834 1140 1021 1191 triumphi
1039 1148 1152 1179 testes
1178 1147 1319 1191 essent,
1348 1148 1409 1178 to-

291 1201 377 1231 tum
407 1196 538 1232 orbem
563 1201 750 1232 terrarum
774 1202 902 1232 nostro
925 1194 1086 1245 imperio
1115 1194 1259 1238 teneri;
1290 1206 1408 1244 quem

291 1248 458 1299 populus
469 1248 671 1286 Romanus
683 1248 939 1299 singularibus
950 1247 1156 1285 honoribus
1168 1247 1379 1285 decorasset
1392 1260 1404 1293 ;

291 1301 323 1338 si
341 1313 457 1350 nunc,
478 1301 582 1352 apud
599 1314 679 1350 vos,
699 1301 753 1349 id,
774 1302 878 1353 quod
896 1302 928 1339 is
946 1301 1108 1348 fecisset,
1138 1308 1267 1339 contra
1285 1300 1408 1340 foedus

292 1354 438 1393 factum
474 1355 674 1403 diceretur,
713 1356 799 1406 quis
835 1355 1014 1394 audiret?
1055 1355 1184 1393 Nemo
1212 1354 1380 1405 profecto
1393 1368 1406 1392 ε

291 1421 392 1446 mors
412 1408 514 1447 enim
534 1422 622 1447 cum
641 1409 881 1447 exstinxisset
897 1408 1098 1456 invidiam,
1118 1421 1176 1446 res
1195 1410 1278 1457 ejus
1291 1414 1421 1459 gesta

291 1463 510 1513 sempiterni
540 1461 705 1500 nominis
734 1463 856 1513 gloria
879 1462 1101 1501 niterentur.
1145 1461 1268 1510 Cujus
1291 1461 1409 1512 igitur

292 1515 423 1553 audita
434 1516 553 1553 virtus
572 1516 800 1554 dubitationi
813 1517 942 1555 locum
955 1528 1032 1554 non
1047 1515 1166 1563 daret,
1181 1515 1298 1564 hujus
1309 1527 1409 1566 prae-

291 1580 391 1659 {rds'
425 1575 581 1620 experta
607 1575 723 1620 atque
747 1577 956 1622 perspecta,
990 1571 1286 1608 obtrectatorum
1317 1579 1409 1607 voce

368 1625 486 1660 etur?

346 1675 447 1713 VII.
477 1674 669 1714 Omittam
705 1676 822 1727 igitur
858 1675 1108 1736 Pompeium
1123 1676 1207 1724 jam
1235 1673 1406 1713 oratione

291 1728 381 1767 mea
409 1728 580 1779 reliqua:
612 1729 677 1766 sed
701 1743 782 1778 vos,
805 1730 966 1779 judices,
992 1728 1130 1768 animis
1158 1741 1202 1767 00
1222 1727 1410 1767 memoria

293 1789 470 1820 tenetote.
510 1782 573 1819 De
589 1782 687 1832 lege,
708 1783 755 1820 de
768 1783 924 1845 foedere,
951 1783 999 1821 de
1021 1781 1220 1833 exemplis,
1252 1781 1300 1820 de
1321 1794 1408 1832 per-

293 1835 412 1886 Ρο1110
427 1835 695 1874 consuetudine
707 1837 866 1875 civitatis
876 1844 1062 1885 nostrae,1·
1043 1837 1231 1874 renovabo
1243 1848 1300 1883 ea,
1318 1848 1408 1886 quae

292 1888 395 1926 dicta
413 1896 514 1927 sunt.
557 1888 671 1926 Nihil
689 1890 790 1928 enim
808 1891 906 1929 mihi
924 1890 1027 1940 novi,
1054 1889 1152 1928 nihil
1169 1888 1321 1939 integri,
1341 1900 1409 1926 ne-

294 1955 371 1993 que
389 1941 450 1980 Μ.
473 1941 644 1990 Crassus,
665 1943 733 1993 qui
759 1950 880 1982 totam
898 1956 1067 1992 causam,
1087 1950 1124 1981 et
1141 1955 1211 1993 pro
1228 1941 1409 1980 facultate

292 2003 333 2033 et
350 2008 419 2047 pro
437 1995 512 2034 fide
526 2009 611 2043 sua,
626 1995 913 2057 diligentissime
930 1998 1036 2036 vobis
1050 1995 1266 2048 explicavit,
1281 2006 1407 2046 neque

294 2049 367 2087 Cn.
387 2049 610 2100 Pompeius,
630 2050 739 2098 cujus
757 2050 875 2088 oratio
893 2051 1072 2089 omnibus
1089 2048 1320 2110 ornamentis
1337 2049 1406 2086 ab·

291 2102 466 2150 undavit,
486 2102 535 2141 ad
552 2102 755 2140 dicendum
773 2103 939 2154 reliquit.
959 2104 1048 2152 Sed,
1058 2101 1255 2155 quoniam,
1266 2113 1331 2140 me
1347 2112 1407 2140 re-

293 2162 473 2205 cusante,
478 2156 622 2208 placuit
641 2157 828 2198 ambobus
852 2156 1023 2198 adhiberi
1039 2157 1143 2198 hunc
1160 2169 1185 2196 0
1205 2167 1268 2196 me
1292 2152 1404 2206 quasi
