1509 2397
222 132 303 171 230
451 130 791 171 PHILIPPICA
821 130 880 170 11.
911 130 1017 170 CAP.
1045 131 1114 170 36.

226 239 321 287 toni,
352 239 427 278 fuit
443 241 461 278 ἒ)
501 238 754 291 Quamquam
782 238 881 278 mihi
905 239 1034 278 subito
1061 238 1242 278 inimicus
1275 239 1350 279 εις-ὐ

224 292 365 338 stitisti,
386 301 515 332 tamen
534 307 597 333 me
615 294 674 332 tui
691 294 857 341 miseret,
878 293 983 345 quod
999 293 1071 332 tibi
1087 293 1280 332 invideris.

280 347 485 386 XXXVI.
516 348 598 396 Qui
609 356 652 386 tu
667 348 738 395 vir,
756 347 842 391 (Dii
855 347 1090 386 immortales
1108 348 1139 395 !)
1167 354 1205 386 et
1218 359 1347 399 quan-

225 408 289 440 tus
307 401 455 449 fuisses,
480 402 513 440 si
531 402 634 440 illius
664 402 739 440 diei
762 409 932 440 mentem
958 414 1106 440 servare
1127 401 1343 453 potuisses!

227 456 370 494 Pacem
394 456 637 502 haberemus,
658 469 745 507 quae
763 462 842 494 erat
860 455 961 494 facta
978 469 1047 506 per
1064 455 1252 500 obsidem,
1269 468 1348 507 pu·-

225 522 336 548 erum
350 509 533 557 nobilem,
549 509 632 559 [M.
648 509 812 548 Antonii
823 509 986 561 filium,]
1004 509 1065 548 Μ.
1078 509 1348 548 Bambalionis

224 570 416 615 nepotem.
446 563 699 615 Quamquam
718 571 756 602 te
773 565 920 601 bonum
938 563 1053 602 timor
1070 563 1245 613 faciebat,
1264 575 1343 601 non

224 617 430 656 diuturnus
448 618 629 668 mag-ister
648 618 786 663 officii3
816 617 1038 668 improbum
1055 617 1145 656 fecit
1163 630 1220 665 ea,
1240 630 1342 669 quae,

226 671 323 709 dum
353 671 466 710 timor
497 673 615 720 abest,
643 684 666 709 a
694 680 733 710 te
757 684 835 710 non
864 670 1034 718 discedit,
1058 671 1227 710 audacia.
1255 670 1347 710 Etsi

226 732 327 774 tum,
348 739 438 764 cum
457 725 647 777 optimum
667 731 705 764 te
723 727 913 777 putabant
931 727 1011 769 (me
1029 725 1187 776 quidem
1201 725 1346 764 dissen-

225 779 376 827 tiente),
407 779 532 817 funeri
561 779 728 831 tyranni,
753 779 784 818 si
812 779 930 817 funus
958 779 1058 818 illud
1078 779 1353 827 fi1it‚scelerae-

228 833 372 871 tissime
389 833 600 885 praefuisti:
631 840 699 871 tua
716 834 785 871 ina
802 834 964 885 pulchra
981 833 1166 880 laudatio,
1191 840 1260 871 tua
1271 833 1351 871 mi·

227 887 377 932 seratio,
398 898 466 925 tua
485 887 703 925 cohortatio.
733 887 814 936 Tu,
842 894 901 934 tu,
930 887 1106 938 inquam,
1134 887 1220 925 illas
1247 886 1355 926 fac&

227 941 441 988 incendisti,
471 949 508 979 et
537 954 614 989 eas,
641 942 782 993 quibus
811 941 1099 980 semiustulatus
1120 941 1187 979 ille
1215 948 1285 989 est,
1311 947 1351 980 et

229 1008 306 1042 eas,
336 995 476 1046 quibus
500 995 653 1034 incensa
680 996 727 1033 L.
754 995 920 1033 Bellieni
950 994 1088 1033 domus
1116 994 1356 1047 deflagravit·

228 1049 295 1086 Tu
314 1049 399 1087 illos
417 1049 584 1100 impetus
602 1049 838 1100 perditorum
855 1048 1074 1098 hominum,
1091 1056 1142 1098 et,
1158 1062 1207 1087 ex
1224 1049 1357 1087 maxi-

228 1115 294 1141 ma
305 1110 425 1155 parte,
443 1116 650 1141 servorum.
643 1116 760 1164 quos
774 1116 842 1141 nos
854 1102 892 1141 vi
909 1115 1107 1155 manuque
1120 1102 1353 1156 repulimus,

229 1157 271 1196 in
289 1165 435 1195 nostras
454 1157 586 1195 domos
604 1156 809 1196 immisisti.

285 1211 399 1249 Idem
442 1218 586 1257 tamen,
625 1210 735 1263 quasi
771 1210 934 1262 fuligine
967 1211 1150 1257 abstersa,
1190 1210 1354 1262 reliquis

229 1264 392 1304 diebus
382 1277 423 1302 m
443 1264 634 1316 Capitolio
652 1265 833 1316 praeclara
851 1265 1194 1303 senatus-consulta
1211 1265 1347 1314 fecisti,

229 1331 278 1357 ne
297 1332 375 1370 qua
392 1326 478 1370 post
499 1319 593 1357 Idus
619 1318 783 1357 Martias
802 1318 1058 1357 immunitatis
1077 1318 1222 1364 tabula,
1253 1331 1357 1358 neve

230 1374 463 1424 cujusquam
493 1373 681 1422 beneficii,
712 1373 902 1424 figeretur.
932 1372 1151 1411 Meministi
1176 1373 1271 1425 ipse,
1298 1372 1354 1411 dev

230 1427 440 1476 exsulibus,
461 1427 546 1476 scis,
567 1427 614 1466 de
637 1427 897 1475 immunitate,
928 1427 1023 1479 quid
1051 1425 1202 1465 dixeris-
1232 1426 1350 1478 Opti-

231 1493 343 1519 mum
362 1494 464 1529 vero,
485 1481 590 1533 quod
611 1481 811 1520 dictamrae
829 1493 971 1520 nomen
995 1480 1036 1518 in
1054 1487 1283 1533 perpetuum
1299 1480 1356 1519 de

231 1535 428 1587 republica
465 1535 661 1574 sustulisti„
698 1535 789 1583 Quo
818 1535 976 1587 quidem
1002 1534 1103 1574 facto
1128 1541 1282 1573 tantum
1311 1541 1356 1573 te·

231 1589 372 1641 cepisse
390 1589 524 1628 odium
542 1590 652 1641 regni
670 1589 883 1637 videbatur,
896 1596 942 1627 ut
953 1589 1034 1639 ejus
1053 1601 1221 1638 omnem,
1233 1600 1357 1641 prop-

230 1650 288 1681 ter
306 1644 529 1694 proximum
548 1644 784 1691 dictatorem,
805 1644 955 1682 tolleres
972 1650 1134 1681 metum.

286 1696 506 1735 Constituta
535 1697 748 1759 respublica
777 1697 979 1736 videbatur
1007 1696 1105 1744 aliis,
1135 1695 1232 1734 1111111
1259 1709 1352 1735 vero

231 1751 341 1789 nullo
373 1751 503 1798 modo,
537 1752 605 1803 qui
632 1751 776 1798 omnia,
804 1757 843 1789 te
870 1752 1119 1802 gubernante,
1151 1749 1353 1801 naufragia

233 1806 467 1843 metuebam.
491 1778 609 1843 'Num
637 1818 702 1844 me
724 1805 844 1856 igitur
860 1804 1030 1843 fefellit?
1059 1811 1126 1842 aut
1142 1816 1240 1842 num
1264 1804 1359 1843 diu-

234 1858 311 1896 tius
329 1859 389 1896 sui
407 1859 534 1909 potuit
552 1872 631 1897 ωδε
649 1859 874 1898 dissimilis?
905 1858 1211 1910 Inspectantibus
1229 1858 1351 1907 vobis,

234 1919 315 1950 toto
335 1912 525 1964 Capitolio
544 1914 690 1951 tabulae
704 1914 920 1964 figebantur
934 1927 946 1950 z
976 1925 1100 1964 neque
1119 1912 1245 1951 solum
1274 1912 1354 1951 sin-

234 1966 335 2017 gulis
353 1966 558 2005 veniebant
574 1967 852 2015 immunitates,
873 1966 940 2005 sed
961 1966 1076 2005 etiam
1094 1966 1248 2018 populis
1265 1966 1358 2004 uni-

235 2020 364 2058 versis.
394 2020 538 2059 Civitas
570 2033 648 2059 non
678 2022 761 2069 jam
776 2021 1030 2083 singillatim,
1059 2021 1124 2059 sed
1151 2019 1354 2071 provinciis

234 2073 338 2121 totis,
368 2073 542 2113 dabatur.
572 2075 724 2126 Itaque,
756 2075 788 2113 si
819 2075 902 2113 haec
922 2081 1080 2113 manent
1105 2077 1209 2126 (quae
1231 2080 1359 2112 stante

235 2127 430 2178 republica
441 2141 596 2167 manere
613 2141 690 2167 non
708 2136 901 2180 possunt),
917 2128 1128 2180 provincias
1146 2127 1354 2175 universas,

237 2189 365 2231 patres
396 2182 611 2234 conscripti,
644 2183 886 2234 perdidistis.
917 2195 1041 2234 neque
1071 2181 1268 2233 vectigalia
1293 2190 1356 2221 so-
