<?xml version="1.0" encoding="UTF-8"?>
<!DOCTYPE html PUBLIC "-//W3C//DTD XHTML 1.0 Transitional//EN"
    "http://www.w3.org/TR/xhtml1/DTD/xhtml1-transitional.dtd">
<html xmlns="http://www.w3.org/1999/xhtml" xml:lang="en" lang="en">
 <head>
  <title>
</title>
<meta http-equiv="Content-Type" content="text/html;charset=utf-8" />
  <meta name='ocr-system' content='tesseract 3.04.00' />
  <meta name='ocr-capabilities' content='ocr_page ocr_carea ocr_par ocr_line ocrx_word'/>
</head>
<body>
  <div class='ocr_page' id='page_1' title='image "./operaern08ciceuoft_0281.png"; bbox 0 0 1509 2397; ppageno 0'>
   <div class='ocr_carea' id='block_1_1' title="bbox 428 295 1008 345">
    <p class='ocr_par' dir='ltr' id='par_1_1' title="bbox 428 295 1008 345">
     <span class='ocr_line' id='line_1_1' title="bbox 428 295 1008 345; baseline -0.002 -2"><span class='ocrx_word' id='word_1_1' title='bbox 428 295 500 344; x_wconf 92' lang='lat' dir='ltr'><strong>IN</strong></span> <span class='ocrx_word' id='word_1_2' title='bbox 532 296 605 343; x_wconf 87' lang='lat' dir='ltr'><strong>M.</strong></span> <span class='ocrx_word' id='word_1_3' title='bbox 639 295 1008 345; x_wconf 81' lang='lat' dir='ltr'><strong>ANTONIUM</strong></span> 
     </span>
    </p>
   </div>
   <div class='ocr_carea' id='block_1_2' title="bbox 516 419 928 470">
    <p class='ocr_par' dir='ltr' id='par_1_2' title="bbox 516 419 928 470">
     <span class='ocr_line' id='line_1_2' title="bbox 516 419 928 470; baseline -0.005 -12"><span class='ocrx_word' id='word_1_4' title='bbox 516 420 745 470; x_wconf 71' lang='lat' dir='ltr'><strong>Philippica</strong></span> <span class='ocrx_word' id='word_1_5' title='bbox 768 419 928 464; x_wconf 80' lang='lat' dir='ltr'><strong>Quinta.</strong></span> 
     </span>
    </p>
   </div>
   <div class='ocr_carea' id='block_1_3' title="bbox 158 525 1295 2214">
    <p class='ocr_par' dir='ltr' id='par_1_3' title="bbox 158 525 1291 1288">
     <span class='ocr_line' id='line_1_3' title="bbox 216 525 1285 580; baseline -0.002 -14"><span class='ocrx_word' id='word_1_6' title='bbox 216 527 253 566; x_wconf 92' lang='lat' dir='ltr'><strong>I.</strong></span> <span class='ocrx_word' id='word_1_7' title='bbox 284 527 437 567; x_wconf 83' lang='lat' dir='ltr'>NIHIL</span> <span class='ocrx_word' id='word_1_8' title='bbox 458 541 634 580; x_wconf 90' lang='lat' dir='ltr'><strong>unquam</strong></span> <span class='ocrx_word' id='word_1_9' title='bbox 646 528 798 580; x_wconf 83' lang='lat' dir='ltr'><strong>longius</strong></span> <span class='ocrx_word' id='word_1_10' title='bbox 782 527 870 567; x_wconf 72' lang='lat' dir='ltr'><strong>ehis</strong></span> <span class='ocrx_word' id='word_1_11' title='bbox 892 525 1073 567; x_wconf 87' lang='lat' dir='ltr'>Calendis</span> <span class='ocrx_word' id='word_1_12' title='bbox 1087 525 1285 566; x_wconf 68' lang='lat' dir='ltr'><strong>‚Ianuariis</strong></span> 
     </span>
     <span class='ocr_line' id='line_1_4' title="bbox 159 581 1289 635; baseline -0.002 -15"><span class='ocrx_word' id='word_1_13' title='bbox 159 581 259 620; x_wconf 87' lang='lat' dir='ltr'><strong>mihi</strong></span> <span class='ocrx_word' id='word_1_14' title='bbox 277 583 403 621; x_wconf 89' lang='lat' dir='ltr'><strong>visum</strong></span> <span class='ocrx_word' id='word_1_15' title='bbox 424 590 492 632; x_wconf 89' lang='lat' dir='ltr'><strong>est,</strong></span> <span class='ocrx_word' id='word_1_16' title='bbox 512 591 638 635; x_wconf 89' lang='lat' dir='ltr'><strong>patres</strong></span> <span class='ocrx_word' id='word_1_17' title='bbox 659 583 882 635; x_wconf 83' lang='lat' dir='ltr'><strong>conscripti.</strong></span> <span class='ocrx_word' id='word_1_18' title='bbox 906 582 1010 635; x_wconf 90' lang='lat' dir='ltr'><strong>quod</strong></span> <span class='ocrx_word' id='word_1_19' title='bbox 1023 581 1126 620; x_wconf 90' lang='lat' dir='ltr'><strong>idem</strong></span> <span class='ocrx_word' id='word_1_20' title='bbox 1145 581 1289 619; x_wconf 88' lang='lat' dir='ltr'><strong>intelli-</strong></span> 
     </span>
     <span class='ocr_line' id='line_1_5' title="bbox 159 634 1288 689; baseline -0.004 -14"><span class='ocrx_word' id='word_1_21' title='bbox 159 638 297 688; x_wconf 88' lang='lat' dir='ltr'><strong>gebam</strong></span> <span class='ocrx_word' id='word_1_22' title='bbox 322 651 391 689; x_wconf 92' lang='lat' dir='ltr'><strong>per</strong></span> <span class='ocrx_word' id='word_1_23' title='bbox 418 637 487 676; x_wconf 91' lang='lat' dir='ltr'><strong>hos</strong></span> <span class='ocrx_word' id='word_1_24' title='bbox 506 637 585 676; x_wconf 87' lang='lat' dir='ltr'><strong>dies</strong></span> <span class='ocrx_word' id='word_1_25' title='bbox 611 637 820 689; x_wconf 90' lang='lat' dir='ltr'><strong>unicuique</strong></span> <span class='ocrx_word' id='word_1_26' title='bbox 838 640 1006 676; x_wconf 88' lang='lat' dir='ltr'><strong>vestrum</strong></span> <span class='ocrx_word' id='word_1_27' title='bbox 1033 635 1163 674; x_wconf 85' lang='lat' dir='ltr'><strong>videri.</strong></span> <span class='ocrx_word' id='word_1_28' title='bbox 1205 634 1288 683; x_wconf 84' lang='lat' dir='ltr'><strong>Qui</strong></span> 
     </span>
     <span class='ocr_line' id='line_1_6' title="bbox 161 690 1287 743; baseline -0.003 -14"><span class='ocrx_word' id='word_1_29' title='bbox 161 691 265 729; x_wconf 90' lang='lat' dir='ltr'><strong>enim</strong></span> <span class='ocrx_word' id='word_1_30' title='bbox 287 692 435 730; x_wconf 90' lang='lat' dir='ltr'><strong>bellum</strong></span> <span class='ocrx_word' id='word_1_31' title='bbox 454 705 543 730; x_wconf 89' lang='lat' dir='ltr'><strong>cum</strong></span> <span class='ocrx_word' id='word_1_32' title='bbox 569 692 766 743; x_wconf 82' lang='lat' dir='ltr'>republica</span> <span class='ocrx_word' id='word_1_33' title='bbox 785 699 939 743; x_wconf 88' lang='lat' dir='ltr'><strong>gerunt,</strong></span> <span class='ocrx_word' id='word_1_34' title='bbox 960 692 1064 729; x_wconf 91' lang='lat' dir='ltr'><strong>hunc</strong></span> <span class='ocrx_word' id='word_1_35' title='bbox 1087 690 1189 728; x_wconf 80' lang='lat' dir='ltr'><strong>diem</strong></span> <span class='ocrx_word' id='word_1_36' title='bbox 1208 702 1287 727; x_wconf 92' lang='lat' dir='ltr'><strong>non</strong></span> 
     </span>
     <span class='ocr_line' id='line_1_7' title="bbox 159 743 1290 797; baseline -0.003 -13"><span class='ocrx_word' id='word_1_37' title='bbox 159 748 454 797; x_wconf 83' lang='lat' dir='ltr'><strong>exspectabant:</strong></span> <span class='ocrx_word' id='word_1_38' title='bbox 486 759 554 785; x_wconf 93' lang='lat' dir='ltr'><strong>nos</strong></span> <span class='ocrx_word' id='word_1_39' title='bbox 569 755 700 784; x_wconf 88' lang='lat' dir='ltr'><strong>autem</strong></span> <span class='ocrx_word' id='word_1_40' title='bbox 719 754 818 794; x_wconf 91' lang='lat' dir='ltr'><strong>tum,</strong></span> <span class='ocrx_word' id='word_1_41' title='bbox 836 759 925 784; x_wconf 87' lang='lat' dir='ltr'><strong>cum</strong></span> <span class='ocrx_word' id='word_1_42' title='bbox 943 745 1115 784; x_wconf 84' lang='lat' dir='ltr'><strong>maxime</strong></span> <span class='ocrx_word' id='word_1_43' title='bbox 1134 743 1290 782; x_wconf 88' lang='lat' dir='ltr'><strong>consilio</strong></span> 
     </span>
     <span class='ocr_line' id='line_1_8' title="bbox 158 800 1288 852; baseline -0.001 -15"><span class='ocrx_word' id='word_1_44' title='bbox 158 807 289 839; x_wconf 89' lang='lat' dir='ltr'><strong>nostro</strong></span> <span class='ocrx_word' id='word_1_45' title='bbox 301 800 501 839; x_wconf 85' lang='lat' dir='ltr'><strong>subvenire</strong></span> <span class='ocrx_word' id='word_1_46' title='bbox 508 801 705 839; x_wconf 89' lang='lat' dir='ltr'><strong>communi</strong></span> <span class='ocrx_word' id='word_1_47' title='bbox 717 801 831 839; x_wconf 83' lang='lat' dir='ltr'><strong>saluti</strong></span> <span class='ocrx_word' id='word_1_48' title='bbox 845 808 1048 852; x_wconf 84' lang='lat' dir='ltr'><strong>oporteret,</strong></span> <span class='ocrx_word' id='word_1_49' title='bbox 1058 800 1098 837; x_wconf 92' lang='lat' dir='ltr'><strong>in</strong></span> <span class='ocrx_word' id='word_1_50' title='bbox 1111 806 1288 837; x_wconf 89' lang='lat' dir='ltr'><strong>senatum</strong></span> 
     </span>
     <span class='ocr_line' id='line_1_9' title="bbox 159 853 1290 916; baseline -0.001 -24"><span class='ocrx_word' id='word_1_51' title='bbox 159 866 237 892; x_wconf 90' lang='lat' dir='ltr'><strong>non</strong></span> <span class='ocrx_word' id='word_1_52' title='bbox 257 857 498 893; x_wconf 88' lang='lat' dir='ltr'><strong>vocabamur.</strong></span> <span class='ocrx_word' id='word_1_53' title='bbox 530 855 606 894; x_wconf 86' lang='lat' dir='ltr'><strong>Sed</strong></span> <span class='ocrx_word' id='word_1_54' title='bbox 625 856 822 916; x_wconf 83' lang='lat' dir='ltr'><strong>querelam</strong></span> <span class='ocrx_word' id='word_1_55' title='bbox 839 855 1119 907; x_wconf 79' lang='lat' dir='ltr'><strong>praeteritorum</strong></span> <span class='ocrx_word' id='word_1_56' title='bbox 1139 853 1290 892; x_wconf 85' lang='lat' dir='ltr'><strong>dierum</strong></span> 
     </span>
     <span class='ocr_line' id='line_1_10' title="bbox 159 909 1291 962; baseline -0.001 -16"><span class='ocrx_word' id='word_1_57' title='bbox 159 909 315 947; x_wconf 80' lang='lat' dir='ltr'><strong>sustulit</strong></span> <span class='ocrx_word' id='word_1_58' title='bbox 334 910 453 948; x_wconf 87' lang='lat' dir='ltr'><strong>oratio</strong></span> <span class='ocrx_word' id='word_1_59' title='bbox 473 910 699 955; x_wconf 80' lang='lat' dir='ltr'><strong>consulum3</strong></span> <span class='ocrx_word' id='word_1_60' title='bbox 732 910 800 962; x_wconf 90' lang='lat' dir='ltr'><strong>qui</strong></span> <span class='ocrx_word' id='word_1_61' title='bbox 813 910 867 948; x_wconf 85' lang='lat' dir='ltr'><strong>ita</strong></span> <span class='ocrx_word' id='word_1_62' title='bbox 884 909 1002 948; x_wconf 89' lang='lat' dir='ltr'><strong>locuti</strong></span> <span class='ocrx_word' id='word_1_63' title='bbox 1021 916 1124 957; x_wconf 91' lang='lat' dir='ltr'><strong>sunt,</strong></span> <span class='ocrx_word' id='word_1_64' title='bbox 1145 915 1189 946; x_wconf 90' lang='lat' dir='ltr'><strong>ut</strong></span> <span class='ocrx_word' id='word_1_65' title='bbox 1207 921 1291 945; x_wconf 87' lang='lat' dir='ltr'><strong>ma-</strong></span> 
     </span>
     <span class='ocr_line' id='line_1_11' title="bbox 160 962 1289 1016; baseline -0.002 -14"><span class='ocrx_word' id='word_1_66' title='bbox 160 963 219 1014; x_wconf 88' lang='lat' dir='ltr'><strong>gis</strong></span> <span class='ocrx_word' id='word_1_67' title='bbox 239 971 427 1015; x_wconf 84' lang='lat' dir='ltr'><strong>exoptatae</strong></span> <span class='ocrx_word' id='word_1_68' title='bbox 455 962 638 1003; x_wconf 82' lang='lat' dir='ltr'><strong>Calendae</strong></span> <span class='ocrx_word' id='word_1_69' title='bbox 660 963 709 1013; x_wconf 86' lang='lat' dir='ltr'><strong>[J</strong></span> <span class='ocrx_word' id='word_1_70' title='bbox 711 965 916 1016; x_wconf 52' lang='lat' dir='ltr'><strong>ancariaefl</strong></span> <span class='ocrx_word' id='word_1_71' title='bbox 939 976 1058 1016; x_wconf 85' lang='lat' dir='ltr'><strong>quam</strong></span> <span class='ocrx_word' id='word_1_72' title='bbox 1078 976 1183 1011; x_wconf 89' lang='lat' dir='ltr'><strong>serae,</strong></span> <span class='ocrx_word' id='word_1_73' title='bbox 1211 975 1289 1000; x_wconf 89' lang='lat' dir='ltr'><strong>esse</strong></span> 
     </span>
     <span class='ocr_line' id='line_1_12' title="bbox 159 1017 1289 1071; baseline -0.002 -15"><span class='ocrx_word' id='word_1_74' title='bbox 159 1017 371 1056; x_wconf 86' lang='lat' dir='ltr'><strong>videantur.</strong></span> <span class='ocrx_word' id='word_1_75' title='bbox 392 1022 541 1071; x_wconf 82' lang='lat' dir='ltr'><strong>Atque,</strong></span> <span class='ocrx_word' id='word_1_76' title='bbox 555 1027 599 1056; x_wconf 91' lang='lat' dir='ltr'><strong>ut</strong></span> <span class='ocrx_word' id='word_1_77' title='bbox 614 1019 733 1057; x_wconf 83' lang='lat' dir='ltr'><strong>oratio</strong></span> <span class='ocrx_word' id='word_1_78' title='bbox 746 1019 947 1057; x_wconf 80' lang='lat' dir='ltr'><strong>consulum</strong></span> <span class='ocrx_word' id='word_1_79' title='bbox 963 1018 1139 1056; x_wconf 87' lang='lat' dir='ltr'><strong>animum</strong></span> <span class='ocrx_word' id='word_1_80' title='bbox 1155 1029 1289 1054; x_wconf 87' lang='lat' dir='ltr'><strong>meum</strong></span> 
     </span>
     <span class='ocr_line' id='line_1_13' title="bbox 160 1073 1291 1135; baseline -0.002 -25"><span class='ocrx_word' id='word_1_81' title='bbox 160 1073 294 1120; x_wconf 74' lang='lat' dir='ltr'><strong>erexit,</strong></span> <span class='ocrx_word' id='word_1_82' title='bbox 319 1086 504 1135; x_wconf 89' lang='lat' dir='ltr'><strong>spemque</strong></span> <span class='ocrx_word' id='word_1_83' title='bbox 523 1073 668 1122; x_wconf 82' lang='lat' dir='ltr'><strong>attulit,</strong></span> <span class='ocrx_word' id='word_1_84' title='bbox 687 1086 763 1111; x_wconf 92' lang='lat' dir='ltr'><strong>non</strong></span> <span class='ocrx_word' id='word_1_85' title='bbox 779 1073 894 1111; x_wconf 89' lang='lat' dir='ltr'><strong>modo</strong></span> <span class='ocrx_word' id='word_1_86' title='bbox 913 1073 1046 1111; x_wconf 80' lang='lat' dir='ltr'><strong>salutis</strong></span> <span class='ocrx_word' id='word_1_87' title='bbox 1065 1083 1291 1110; x_wconf 86' lang='lat' dir='ltr'><strong>conservan-</strong></span> 
     </span>
     <span class='ocr_line' id='line_1_14' title="bbox 160 1125 1291 1180; baseline -0.002 -15"><span class='ocrx_word' id='word_1_88' title='bbox 160 1126 234 1174; x_wconf 87' lang='lat' dir='ltr'><strong>dae,</strong></span> <span class='ocrx_word' id='word_1_89' title='bbox 254 1140 389 1166; x_wconf 87' lang='lat' dir='ltr'><strong>verum</strong></span> <span class='ocrx_word' id='word_1_90' title='bbox 401 1128 516 1166; x_wconf 83' lang='lat' dir='ltr'><strong>etiam</strong></span> <span class='ocrx_word' id='word_1_91' title='bbox 529 1128 725 1179; x_wconf 62' lang='lat' dir='ltr'><strong>d1gnitat1s</strong></span> <span class='ocrx_word' id='word_1_92' title='bbox 740 1128 910 1180; x_wconf 85' lang='lat' dir='ltr'><strong>pristinae</strong></span> <span class='ocrx_word' id='word_1_93' title='bbox 922 1126 1190 1179; x_wconf 70' lang='lat' dir='ltr'><strong>recuperandae</strong></span> <span class='ocrx_word' id='word_1_94' title='bbox 1204 1139 1216 1171; x_wconf 81' lang='lat'><em>3</em></span> <span class='ocrx_word' id='word_1_95' title='bbox 1239 1125 1291 1163; x_wconf 89' lang='lat' dir='ltr'><strong>sic</strong></span> 
     </span>
     <span class='ocr_line' id='line_1_15' title="bbox 161 1182 1290 1234; baseline -0.002 -15"><span class='ocrx_word' id='word_1_96' title='bbox 161 1192 224 1219; x_wconf 89' lang='lat' dir='ltr'><strong>me</strong></span> <span class='ocrx_word' id='word_1_97' title='bbox 243 1182 501 1233; x_wconf 70' lang='lat' dir='ltr'><strong>perturbasset</strong></span> <span class='ocrx_word' id='word_1_98' title='bbox 520 1183 602 1232; x_wconf 86' lang='lat' dir='ltr'><strong>ejus</strong></span> <span class='ocrx_word' id='word_1_99' title='bbox 629 1183 828 1231; x_wconf 84' lang='lat' dir='ltr'><strong>sententia,</strong></span> <span class='ocrx_word' id='word_1_100' title='bbox 861 1182 929 1234; x_wconf 91' lang='lat' dir='ltr'><strong>qui</strong></span> <span class='ocrx_word' id='word_1_101' title='bbox 961 1182 1110 1233; x_wconf 82' lang='lat' dir='ltr'><strong>primus</strong></span> <span class='ocrx_word' id='word_1_102' title='bbox 1135 1187 1290 1231; x_wconf 81' lang='lat' dir='ltr'><strong>rogatus</strong></span> 
     </span>
     <span class='ocr_line' id='line_1_16' title="bbox 163 1235 1206 1288; baseline -0.002 -15"><span class='ocrx_word' id='word_1_103' title='bbox 163 1243 232 1280; x_wconf 82' lang='lat' dir='ltr'><strong>est,</strong></span> <span class='ocrx_word' id='word_1_104' title='bbox 254 1236 328 1273; x_wconf 91' lang='lat' dir='ltr'><strong>nisi</strong></span> <span class='ocrx_word' id='word_1_105' title='bbox 347 1244 480 1274; x_wconf 81' lang='lat' dir='ltr'><strong>vestrae</strong></span> <span class='ocrx_word' id='word_1_106' title='bbox 495 1236 627 1274; x_wconf 79' lang='lat' dir='ltr'><strong>virtuti</strong></span> <span class='ocrx_word' id='word_1_107' title='bbox 645 1237 945 1288; x_wconf 72' lang='lat' dir='ltr'><strong>constantiaeque</strong></span> <span class='ocrx_word' id='word_1_108' title='bbox 964 1235 1206 1274; x_wconf 83' lang='lat' dir='ltr'><strong>confiderem.</strong></span> 
     </span>
    </p>

    <p class='ocr_par' dir='ltr' id='par_1_4' title="bbox 161 1288 1295 2159">
     <span class='ocr_line' id='line_1_17' title="bbox 218 1288 1291 1342; baseline -0.001 -15"><span class='ocrx_word' id='word_1_109' title='bbox 218 1290 298 1328; x_wconf 86' lang='lat' dir='ltr'><strong>Hic</strong></span> <span class='ocrx_word' id='word_1_110' title='bbox 317 1290 419 1328; x_wconf 90' lang='lat' dir='ltr'><strong>enim</strong></span> <span class='ocrx_word' id='word_1_111' title='bbox 439 1290 558 1335; x_wconf 86' lang='lat' dir='ltr'><strong>vobis,</strong></span> <span class='ocrx_word' id='word_1_112' title='bbox 575 1300 701 1342; x_wconf 90' lang='lat' dir='ltr'><strong>patres</strong></span> <span class='ocrx_word' id='word_1_113' title='bbox 716 1291 931 1342; x_wconf 81' lang='lat' dir='ltr'><strong>conscripti,</strong></span> <span class='ocrx_word' id='word_1_114' title='bbox 949 1290 1028 1328; x_wconf 92' lang='lat' dir='ltr'><strong>dies</strong></span> <span class='ocrx_word' id='word_1_115' title='bbox 1046 1289 1192 1339; x_wconf 83' lang='lat' dir='ltr'><strong>illuxit,</strong></span> <span class='ocrx_word' id='word_1_116' title='bbox 1207 1288 1291 1327; x_wconf 85' lang='lat' dir='ltr'><strong>haec</strong></span> 
     </span>
     <span class='ocr_line' id='line_1_18' title="bbox 161 1344 1292 1406; baseline -0.001 -24"><span class='ocrx_word' id='word_1_117' title='bbox 161 1352 328 1396; x_wconf 85' lang='lat' dir='ltr'><strong>potestas</strong></span> <span class='ocrx_word' id='word_1_118' title='bbox 347 1344 437 1382; x_wconf 89' lang='lat' dir='ltr'><strong>data</strong></span> <span class='ocrx_word' id='word_1_119' title='bbox 448 1352 517 1393; x_wconf 85' lang='lat' dir='ltr'><strong>est,</strong></span> <span class='ocrx_word' id='word_1_120' title='bbox 531 1352 589 1392; x_wconf 86' lang='lat' dir='ltr'><strong>ut,</strong></span> <span class='ocrx_word' id='word_1_121' title='bbox 607 1353 798 1406; x_wconf 80' lang='lat' dir='ltr'><strong>quantum</strong></span> <span class='ocrx_word' id='word_1_122' title='bbox 818 1344 983 1392; x_wconf 73' lang='lat' dir='ltr'><strong>virtutiS,</strong></span> <span class='ocrx_word' id='word_1_123' title='bbox 998 1352 1188 1396; x_wconf 86' lang='lat' dir='ltr'><strong>quantum</strong></span> <span class='ocrx_word' id='word_1_124' title='bbox 1202 1355 1292 1381; x_wconf 89' lang='lat' dir='ltr'><strong>con-</strong></span> 
     </span>
     <span class='ocr_line' id='line_1_19' title="bbox 162 1397 1291 1451; baseline -0.001 -15"><span class='ocrx_word' id='word_1_125' title='bbox 162 1399 324 1447; x_wconf 82' lang='lat' dir='ltr'><strong>stantiae,</strong></span> <span class='ocrx_word' id='word_1_126' title='bbox 342 1408 532 1451; x_wconf 87' lang='lat' dir='ltr'><strong>quantum</strong></span> <span class='ocrx_word' id='word_1_127' title='bbox 552 1400 763 1450; x_wconf 84' lang='lat' dir='ltr'><strong>gravitatis,</strong></span> <span class='ocrx_word' id='word_1_128' title='bbox 780 1400 821 1437; x_wconf 92' lang='lat' dir='ltr'><strong>in</strong></span> <span class='ocrx_word' id='word_1_129' title='bbox 835 1399 954 1449; x_wconf 88' lang='lat' dir='ltr'><strong>hujus</strong></span> <span class='ocrx_word' id='word_1_130' title='bbox 973 1398 1115 1437; x_wconf 82' lang='lat' dir='ltr'><strong>ordinis</strong></span> <span class='ocrx_word' id='word_1_131' title='bbox 1135 1397 1291 1436; x_wconf 87' lang='lat' dir='ltr'><strong>consilio</strong></span> 
     </span>
     <span class='ocr_line' id='line_1_20' title="bbox 161 1452 1292 1515; baseline -0.002 -24"><span class='ocrx_word' id='word_1_132' title='bbox 161 1461 270 1502; x_wconf 88' lang='lat' dir='ltr'><strong>esset,</strong></span> <span class='ocrx_word' id='word_1_133' title='bbox 294 1454 439 1515; x_wconf 88' lang='lat' dir='ltr'><strong>populo</strong></span> <span class='ocrx_word' id='word_1_134' title='bbox 467 1454 649 1492; x_wconf 89' lang='lat' dir='ltr'><strong>Romano</strong></span> <span class='ocrx_word' id='word_1_135' title='bbox 676 1454 866 1492; x_wconf 86' lang='lat' dir='ltr'><strong>declarare</strong></span> <span class='ocrx_word' id='word_1_136' title='bbox 898 1453 1067 1505; x_wconf 85' lang='lat' dir='ltr'><strong>possetis.</strong></span> <span class='ocrx_word' id='word_1_137' title='bbox 1098 1452 1292 1490; x_wconf 87' lang='lat' dir='ltr'><strong>Recorda-</strong></span> 
     </span>
     <span class='ocr_line' id='line_1_21' title="bbox 161 1507 1292 1560; baseline -0.001 -15"><span class='ocrx_word' id='word_1_138' title='bbox 161 1508 274 1557; x_wconf 91' lang='lat' dir='ltr'><strong>mini,</strong></span> <span class='ocrx_word' id='word_1_139' title='bbox 295 1508 364 1560; x_wconf 90' lang='lat' dir='ltr'><strong>qui</strong></span> <span class='ocrx_word' id='word_1_140' title='bbox 382 1508 461 1546; x_wconf 89' lang='lat' dir='ltr'><strong>dies</strong></span> <span class='ocrx_word' id='word_1_141' title='bbox 489 1508 938 1547; x_wconf 85' lang='lat' dir='ltr'><strong>nudiustertiusdecimus</strong></span> <span class='ocrx_word' id='word_1_142' title='bbox 962 1507 1092 1553; x_wconf 88' lang='lat' dir='ltr'><strong>fuerit,</strong></span> <span class='ocrx_word' id='word_1_143' title='bbox 1123 1514 1292 1558; x_wconf 87' lang='lat' dir='ltr'><strong>quantus</strong></span> 
     </span>
     <span class='ocr_line' id='line_1_22' title="bbox 162 1561 1290 1624; baseline -0.002 -24"><span class='ocrx_word' id='word_1_144' title='bbox 162 1574 366 1601; x_wconf 84' lang='lat' dir='ltr'><strong>consensus</strong></span> <span class='ocrx_word' id='word_1_145' title='bbox 387 1565 566 1624; x_wconf 81' lang='lat' dir='ltr'><strong>vestrum,</strong></span> <span class='ocrx_word' id='word_1_146' title='bbox 588 1571 733 1614; x_wconf 88' lang='lat' dir='ltr'><strong>quanta</strong></span> <span class='ocrx_word' id='word_1_147' title='bbox 744 1563 878 1611; x_wconf 86' lang='lat' dir='ltr'><strong>virtus,</strong></span> <span class='ocrx_word' id='word_1_148' title='bbox 893 1570 1038 1614; x_wconf 84' lang='lat' dir='ltr'><strong>quanta</strong></span> <span class='ocrx_word' id='word_1_149' title='bbox 1052 1561 1289 1600; x_wconf 87' lang='lat' dir='ltr'><strong>constantia·</strong></span> <span class='ocrx_word' id='word_1_150' title='bbox 1276 1589 1290 1607; x_wconf 93' lang='lat'>‚</span> 
     </span>
     <span class='ocr_line' id='line_1_23' title="bbox 163 1616 1293 1669; baseline -0.001 -15"><span class='ocrx_word' id='word_1_151' title='bbox 163 1624 350 1669; x_wconf 86' lang='lat' dir='ltr'><strong>quantam</strong></span> <span class='ocrx_word' id='word_1_152' title='bbox 384 1617 464 1656; x_wconf 88' lang='lat' dir='ltr'><strong>sitis</strong></span> <span class='ocrx_word' id='word_1_153' title='bbox 483 1631 506 1655; x_wconf 91' lang='lat' dir='ltr'><strong>a</strong></span> <span class='ocrx_word' id='word_1_154' title='bbox 530 1618 675 1669; x_wconf 89' lang='lat' dir='ltr'><strong>populo</strong></span> <span class='ocrx_word' id='word_1_155' title='bbox 701 1618 882 1656; x_wconf 84' lang='lat' dir='ltr'><strong>Romano</strong></span> <span class='ocrx_word' id='word_1_156' title='bbox 906 1616 1077 1665; x_wconf 85' lang='lat' dir='ltr'><strong>laudem,</strong></span> <span class='ocrx_word' id='word_1_157' title='bbox 1105 1622 1293 1668; x_wconf 87' lang='lat' dir='ltr'><strong>quantam</strong></span> 
     </span>
     <span class='ocr_line' id='line_1_24' title="bbox 163 1670 1289 1723; baseline -0.001 -14"><span class='ocrx_word' id='word_1_158' title='bbox 163 1671 342 1722; x_wconf 81' lang='lat' dir='ltr'><strong>gloriam,</strong></span> <span class='ocrx_word' id='word_1_159' title='bbox 356 1680 542 1723; x_wconf 85' lang='lat' dir='ltr'><strong>quantam</strong></span> <span class='ocrx_word' id='word_1_160' title='bbox 555 1672 735 1723; x_wconf 84' lang='lat' dir='ltr'><strong>gratiam,</strong></span> <span class='ocrx_word' id='word_1_161' title='bbox 752 1671 955 1711; x_wconf 86' lang='lat' dir='ltr'><strong>consecuti.</strong></span> <span class='ocrx_word' id='word_1_162' title='bbox 976 1672 1112 1722; x_wconf 91' lang='lat' dir='ltr'><strong>Atque</strong></span> <span class='ocrx_word' id='word_1_163' title='bbox 1130 1671 1198 1709; x_wconf 90' lang='lat' dir='ltr'><strong>illo</strong></span> <span class='ocrx_word' id='word_1_164' title='bbox 1213 1670 1289 1717; x_wconf 88' lang='lat' dir='ltr'><strong>die,</strong></span> 
     </span>
     <span class='ocr_line' id='line_1_25' title="bbox 163 1724 1293 1778; baseline -0.002 -14"><span class='ocrx_word' id='word_1_165' title='bbox 163 1733 289 1778; x_wconf 88' lang='lat' dir='ltr'><strong>patres</strong></span> <span class='ocrx_word' id='word_1_166' title='bbox 315 1726 529 1778; x_wconf 86' lang='lat' dir='ltr'><strong>conscripti,</strong></span> <span class='ocrx_word' id='word_1_167' title='bbox 551 1739 594 1764; x_wconf 89' lang='lat' dir='ltr'><strong>ea</strong></span> <span class='ocrx_word' id='word_1_168' title='bbox 612 1726 872 1775; x_wconf 84' lang='lat' dir='ltr'><strong>constituistis,</strong></span> <span class='ocrx_word' id='word_1_169' title='bbox 899 1733 944 1763; x_wconf 91' lang='lat' dir='ltr'><strong>ut</strong></span> <span class='ocrx_word' id='word_1_170' title='bbox 970 1726 1076 1763; x_wconf 89' lang='lat' dir='ltr'><strong>vobis</strong></span> <span class='ocrx_word' id='word_1_171' title='bbox 1095 1724 1193 1762; x_wconf 89' lang='lat' dir='ltr'><strong>nihil</strong></span> <span class='ocrx_word' id='word_1_172' title='bbox 1208 1726 1293 1774; x_wconf 87' lang='lat' dir='ltr'><strong>jam</strong></span> 
     </span>
     <span class='ocr_line' id='line_1_26' title="bbox 165 1780 1293 1832; baseline -0.002 -14"><span class='ocrx_word' id='word_1_173' title='bbox 165 1780 214 1818; x_wconf 88' lang='lat' dir='ltr'><strong>sit</strong></span> <span class='ocrx_word' id='word_1_174' title='bbox 225 1780 434 1832; x_wconf 86' lang='lat' dir='ltr'><strong>integrum,</strong></span> <span class='ocrx_word' id='word_1_175' title='bbox 451 1781 524 1819; x_wconf 90' lang='lat' dir='ltr'><strong>nisi</strong></span> <span class='ocrx_word' id='word_1_176' title='bbox 543 1788 611 1819; x_wconf 86' lang='lat' dir='ltr'><strong>aut</strong></span> <span class='ocrx_word' id='word_1_177' title='bbox 629 1781 788 1819; x_wconf 76' lang='lat' dir='ltr'><strong>honesta</strong></span> <span class='ocrx_word' id='word_1_178' title='bbox 799 1794 891 1832; x_wconf 81' lang='lat' dir='ltr'><strong>pax,</strong></span> <span class='ocrx_word' id='word_1_179' title='bbox 913 1787 979 1818; x_wconf 86' lang='lat' dir='ltr'><strong>aut</strong></span> <span class='ocrx_word' id='word_1_180' title='bbox 997 1780 1145 1818; x_wconf 89' lang='lat' dir='ltr'><strong>bellum</strong></span> <span class='ocrx_word' id='word_1_181' title='bbox 1164 1792 1293 1817; x_wconf 88' lang='lat' dir='ltr'><strong>neces-</strong></span> 
     </span>
     <span class='ocr_line' id='line_1_27' title="bbox 165 1834 1292 1885; baseline -0.001 -13"><span class='ocrx_word' id='word_1_182' title='bbox 165 1835 321 1873; x_wconf 85' lang='lat' dir='ltr'><strong>sarium.</strong></span> <span class='ocrx_word' id='word_1_183' title='bbox 366 1836 509 1874; x_wconf 87' lang='lat' dir='ltr'><strong>Pacem</strong></span> <span class='ocrx_word' id='word_1_184' title='bbox 537 1836 623 1873; x_wconf 84' lang='lat' dir='ltr'><strong>vult</strong></span> <span class='ocrx_word' id='word_1_185' title='bbox 656 1835 717 1873; x_wconf 84' lang='lat' dir='ltr'><strong>M.</strong></span> <span class='ocrx_word' id='word_1_186' title='bbox 751 1834 951 1873; x_wconf 89' lang='lat' dir='ltr'><strong>Antonius</strong></span> <span class='ocrx_word' id='word_1_187' title='bbox 965 1837 983 1873; x_wconf 66' lang='grc' dir='ltr'><strong><em>ἓ</em></strong></span> <span class='ocrx_word' id='word_1_188' title='bbox 1012 1847 1120 1872; x_wconf 87' lang='lat' dir='ltr'><strong>arma</strong></span> <span class='ocrx_word' id='word_1_189' title='bbox 1147 1841 1292 1885; x_wconf 78' lang='lat' dir='ltr'><strong>ponat3</strong></span> 
     </span>
     <span class='ocr_line' id='line_1_28' title="bbox 165 1889 1295 1941; baseline -0.002 -14"><span class='ocrx_word' id='word_1_190' title='bbox 165 1896 272 1941; x_wconf 87' lang='lat' dir='ltr'><strong>roget</strong></span> <span class='ocrx_word' id='word_1_191' title='bbox 288 1903 301 1936; x_wconf 90' lang='lat'>;</span> <span class='ocrx_word' id='word_1_192' title='bbox 331 1889 564 1941; x_wconf 87' lang='lat' dir='ltr'><strong>deprecetur.</strong></span> <span class='ocrx_word' id='word_1_193' title='bbox 606 1890 817 1928; x_wconf 89' lang='lat' dir='ltr'><strong>Neminem</strong></span> <span class='ocrx_word' id='word_1_194' title='bbox 847 1889 1055 1940; x_wconf 85' lang='lat' dir='ltr'><strong>aequiorem</strong></span> <span class='ocrx_word' id='word_1_195' title='bbox 1085 1901 1148 1927; x_wconf 91' lang='lat' dir='ltr'><strong>me</strong></span> <span class='ocrx_word' id='word_1_196' title='bbox 1185 1900 1295 1939; x_wconf 90' lang='lat' dir='ltr'><strong>repe-</strong></span> 
     </span>
     <span class='ocr_line' id='line_1_29' title="bbox 165 1941 1294 1996; baseline -0.002 -15"><span class='ocrx_word' id='word_1_197' title='bbox 165 1943 261 1982; x_wconf 88' lang='lat' dir='ltr'><strong>riet:</strong></span> <span class='ocrx_word' id='word_1_198' title='bbox 292 1944 367 1992; x_wconf 90' lang='lat' dir='ltr'><strong>cui,</strong></span> <span class='ocrx_word' id='word_1_199' title='bbox 389 1944 485 1982; x_wconf 90' lang='lat' dir='ltr'><strong>dum</strong></span> <span class='ocrx_word' id='word_1_200' title='bbox 506 1957 544 1982; x_wconf 91' lang='lat' dir='ltr'><strong>se</strong></span> <span class='ocrx_word' id='word_1_201' title='bbox 567 1944 714 1983; x_wconf 90' lang='lat' dir='ltr'><strong>civibus</strong></span> <span class='ocrx_word' id='word_1_202' title='bbox 733 1944 863 1996; x_wconf 87' lang='lat' dir='ltr'><strong>impiis</strong></span> <span class='ocrx_word' id='word_1_203' title='bbox 883 1943 1141 1991; x_wconf 87' lang='lat' dir='ltr'><strong>commendat,</strong></span> <span class='ocrx_word' id='word_1_204' title='bbox 1161 1941 1294 1979; x_wconf 89' lang='lat' dir='ltr'><strong>inimi-</strong></span> 
     </span>
     <span class='ocr_line' id='line_1_30' title="bbox 164 1996 1291 2050; baseline -0.002 -14"><span class='ocrx_word' id='word_1_205' title='bbox 164 2010 233 2036; x_wconf 92' lang='lat' dir='ltr'><strong>cus</strong></span> <span class='ocrx_word' id='word_1_206' title='bbox 252 2011 345 2045; x_wconf 85' lang='lat' dir='ltr'><strong>esse,</strong></span> <span class='ocrx_word' id='word_1_207' title='bbox 367 2012 486 2050; x_wconf 91' lang='lat' dir='ltr'><strong>quam</strong></span> <span class='ocrx_word' id='word_1_208' title='bbox 506 1999 667 2047; x_wconf 88' lang='lat' dir='ltr'><strong>amicus,</strong></span> <span class='ocrx_word' id='word_1_209' title='bbox 694 1999 846 2036; x_wconf 85' lang='lat' dir='ltr'><strong>maluit.</strong></span> <span class='ocrx_word' id='word_1_210' title='bbox 891 1998 1006 2036; x_wconf 82' lang='lat' dir='ltr'><strong>Nihil</strong></span> <span class='ocrx_word' id='word_1_211' title='bbox 1025 2005 1081 2035; x_wconf 89' lang='lat' dir='ltr'><strong>est</strong></span> <span class='ocrx_word' id='word_1_212' title='bbox 1107 1996 1291 2048; x_wconf 84' lang='lat' dir='ltr'><strong>profecto,</strong></span> 
     </span>
     <span class='ocr_line' id='line_1_31' title="bbox 165 2050 1291 2105; baseline -0.002 -15"><span class='ocrx_word' id='word_1_213' title='bbox 165 2052 270 2103; x_wconf 91' lang='lat' dir='ltr'><strong>quod</strong></span> <span class='ocrx_word' id='word_1_214' title='bbox 282 2053 365 2090; x_wconf 91' lang='lat' dir='ltr'><strong>dari</strong></span> <span class='ocrx_word' id='word_1_215' title='bbox 382 2053 501 2105; x_wconf 87' lang='lat' dir='ltr'><strong>possit</strong></span> <span class='ocrx_word' id='word_1_216' title='bbox 518 2053 666 2092; x_wconf 90' lang='lat' dir='ltr'><strong>bellum</strong></span> <span class='ocrx_word' id='word_1_217' title='bbox 680 2053 851 2104; x_wconf 86' lang='lat' dir='ltr'><strong>gerenti:</strong></span> <span class='ocrx_word' id='word_1_218' title='bbox 873 2052 944 2091; x_wconf 89' lang='lat' dir='ltr'><strong>erit</strong></span> <span class='ocrx_word' id='word_1_219' title='bbox 954 2052 1111 2090; x_wconf 83' lang='lat' dir='ltr'><strong>fortasse</strong></span> <span class='ocrx_word' id='word_1_220' title='bbox 1129 2050 1291 2103; x_wconf 87' lang='lat' dir='ltr'><strong>aliquid,</strong></span> 
     </span>
     <span class='ocr_line' id='line_1_32' title="bbox 167 2107 760 2159; baseline 0.003 -16"><span class='ocrx_word' id='word_1_221' title='bbox 167 2107 272 2157; x_wconf 86' lang='lat' dir='ltr'><strong>quod</strong></span> <span class='ocrx_word' id='word_1_222' title='bbox 290 2107 444 2145; x_wconf 90' lang='lat' dir='ltr'><strong>concedi</strong></span> <span class='ocrx_word' id='word_1_223' title='bbox 462 2107 581 2159; x_wconf 84' lang='lat' dir='ltr'><strong>possit</strong></span> <span class='ocrx_word' id='word_1_224' title='bbox 598 2107 760 2158; x_wconf 85' lang='lat' dir='ltr'><strong>roganti.</strong></span> 
     </span>
    </p>

    <p class='ocr_par' dir='ltr' id='par_1_5' title="bbox 182 2159 1295 2214">
     <span class='ocr_line' id='line_1_33' title="bbox 182 2159 1295 2214; baseline 0 -16"><span class='ocrx_word' id='word_1_225' title='bbox 182 2159 186 2161; x_wconf 78' lang='grc'><strong>’</strong></span> <span class='ocrx_word' id='word_1_226' title='bbox 224 2160 283 2199; x_wconf 92' lang='grc' dir='ltr'><strong>ΙΙ.</strong></span> <span class='ocrx_word' id='word_1_227' title='bbox 311 2161 479 2213; x_wconf 85' lang='lat' dir='ltr'><strong>Legatos</strong></span> <span class='ocrx_word' id='word_1_228' title='bbox 493 2174 581 2201; x_wconf 87' lang='lat' dir='ltr'><strong>vero</strong></span> <span class='ocrx_word' id='word_1_229' title='bbox 599 2162 650 2201; x_wconf 86' lang='lat' dir='ltr'><strong>ad</strong></span> <span class='ocrx_word' id='word_1_230' title='bbox 668 2174 758 2201; x_wconf 88' lang='lat' dir='ltr'><strong>eum</strong></span> <span class='ocrx_word' id='word_1_231' title='bbox 776 2162 942 2210; x_wconf 77' lang='lat' dir='ltr'><strong>mittere,</strong></span> <span class='ocrx_word' id='word_1_232' title='bbox 957 2161 1005 2200; x_wconf 90' lang='lat' dir='ltr'><strong>de</strong></span> <span class='ocrx_word' id='word_1_233' title='bbox 1024 2173 1102 2214; x_wconf 91' lang='lat' dir='ltr'><strong>quo</strong></span> <span class='ocrx_word' id='word_1_234' title='bbox 1116 2159 1295 2212; x_wconf 83' lang='lat' dir='ltr'><strong>gravissi-</strong></span> 
     </span>
    </p>
   </div>
  </div>
 </body>
</html>
