1509 2397
266 122 347 160 36⁴
492 123 830 163 PHILIPPICA
859 122 960 164 ΧΠ.
991 125 1096 164 CAP.
1123 123 1160 164 9.

267 242 315 267 ex
335 230 535 282 naufragio
554 232 738 271 luculenti
757 233 990 285 patrimonii,
1003 233 1051 271 ad
1063 232 1144 271 haec
1155 230 1384 270 Antoniana
1400 261 1402 263 v

267 296 358 321 saxa
375 286 564 335 projectus
582 295 649 325 est.

321 338 390 375 An
411 339 458 376 L.
478 341 697 379 Antonium
710 340 901 393 adspicere
915 349 1067 392 potero.
1056 341 1074 367 ⁹
1094 341 1202 390 cujus
1214 348 1284 390 ego
1295 341 1383 377 cru·

266 390 462 430 delitatem
480 393 644 445 effugere
663 407 738 433 non
758 395 979 456 potuissem,
1005 395 1078 432 nisi
1094 407 1158 432 me
1176 393 1381 438 moenibus,

266 453 303 483 et
313 446 447 496 portis,
461 455 498 485 et
509 428 647 496 stuodio,
662 449 863 500 municipii
876 449 953 486 mei
963 448 1226 486 defendissem.
1245 447 1382 497 Atque

264 498 367 537 idem
378 500 441 539 hic
452 501 635 539 mirmfflo
646 503 854 549 Asiaticus,
867 503 964 540 latro
977 502 1113 548 Italiae,
1123 502 1266 551 collega
1277 500 1382 538 Len-

265 553 365 591 tonis
385 563 421 592 et
441 555 621 603 Nuculae,
638 569 727 594 cum
741 556 899 607 Aquflae
916 555 1103 607 primipili
1121 567 1300 592 nummos
1311 566 1381 591 au-

263 619 347 645 reos
373 607 492 656 daret,
513 609 561 647 de
589 610 684 648 meis
705 610 815 648 bonis
845 623 884 648 se
902 610 991 647 dare
1010 609 1132 647 dixit:
1163 608 1195 646 5i
1213 607 1315 645 enim
1334 607 1382 644 de

264 660 343 699 suis
362 662 533 710 dixisset,
560 676 608 701 ne
633 664 802 715 aquilam
829 663 986 715 quidem
1008 663 1133 715 ipsam
1151 661 1380 700 credituram

263 715 426 764 putavit.
457 716 549 754 Non
568 717 704 765 ferent,
724 730 801 755 non
819 717 954 765 ferent,
975 717 1151 768 inquam,
1170 715 1271 754 oculi
1284 715 1383 753 Sax-
1435 722 1441 727 ¹

265 781 344 815 3111,
365 769 603 821 Caphonem,
623 783 700 809 non
729 771 824 809 duos
851 778 1042 823 praetores,
1073 783 1151 809 non
1179 768 1381 808 tribunum

265 823 400 873 plebis,
432 837 509 862 non
541 824 619 862 duo
645 825 858 876 designatos
877 825 1063 873 tribunos,
1094 836 1172 862 non
1191 822 1380 870 Bestiam,

264 889 341 914 non
361 877 616 925 Trebellium,
637 891 712 916 non
735 879 936 917 Plancum.
966 879 1058 916 Non
1076 890 1234 929 possum
1252 875 1382 914 animo

263 944 374 982 aequo
392 931 518 969 videre
537 939 606 979 tot,
626 940 707 970 tam
725 933 978 984 importunos,
991 939 1071 970 tam
1082 931 1280 970 sceleratos
1293 930 1380 968 hos-

262 992 318 1022 tes
334 999 345 1022 :
375 996 444 1023 1100
462 985 503 1022 id
517 985 560 1024 fit
578 986 729 1024 fastidio
748 999 848 1033 meo,
870 986 934 1024 sed
953 985 1106 1024 caritate
1118 983 1349 1037 reipublicae.

317 1038 393 1077 Sed
407 1038 556 1077 vincam
576 1040 765 1085 animum,
781 1040 955 1091 mihique
972 1040 1187 1092 imperabo:
1209 1038 1378 1076 dolorem

258 1092 530 1154 justissimum,
544 1093 575 1131 si
586 1106 663 1131 non
675 1102 806 1145 potero
818 1094 1005 1155 frangere,
1013 1093 1222 1132 occultabo.
1244 1091 1379 1140 Quid?

262 1146 349 1184 vitae
363 1147 582 1194 censetisne,
603 1155 729 1198 patres
743 1147 956 1198 conscripti,
967 1147 1186 1185 habendam
1196 1146 1295 1183 mihi
1309 1146 1380 1184 311-

260 1213 381 1250 quam
400 1213 478 1238 esse
495 1201 680 1239 rationem
693 1201 711 1237 ?
731 1215 819 1252 quae
836 1202 934 1239 mihi
951 1200 1108 1252 quidem
1119 1199 1280 1238 minime
1293 1213 1380 1238 cara

257 1262 331 1301 est,
347 1255 556 1316 praesertim
569 1268 658 1293 cum
670 1255 875 1293 Dolabella
886 1254 1029 1303 fecerit,
1041 1262 1086 1292 ut
1096 1253 1264 1306 optanda
1276 1266 1380 1292 mors

260 1315 369 1356 fflset,
390 1308 505 1346 modo
524 1308 604 1347 sine
623 1310 790 1348 cruciatu
809 1317 924 1360 atque
943 1309 1163 1347 tormentis:
1190 1307 1298 1346 vobis
1321 1314 1380 1346 ta-

260 1374 364 1410 men,
383 1371 420 1400 et
430 1363 573 1414 populo
588 1363 784 1425 Romano,
803 1363 887 1401 vilis
905 1376 984 1401 esse
1001 1363 1155 1414 spiritus
1172 1374 1281 1399 meus
1299 1373 1377 1400 non

258 1416 384 1454 debet.
414 1417 455 1454 Is
475 1417 577 1454 enim
596 1430 697 1464 sum,
713 1418 788 1455 nisi
811 1430 874 1455 me
891 1417 987 1455 forte
1008 1417 1115 1464 fallo,
1135 1416 1204 1468 qui
1222 1415 1376 1467 vigiliis,

257 1470 371 1517 curis,
392 1471 600 1519 sententiis,
620 1472 798 1523 periculis
826 1471 956 1520 0113111,
981 1474 1085 1522 (quae
1111 1469 1281 1522 plurima
1299 1469 1377 1508 adii

256 1531 412 1575 propter
431 1500 717 1564 acerbissimum
735 1525 911 1564 omnium
935 1525 976 1563 in
1003 1537 1068 1563 me
1086 1523 1248 1563 odium
1237 1523 1377 1575 11111110-

255 1578 363 1627 rum)
396 1579 631 1630 perfecerim,
665 1587 710 1617 ut
739 1592 816 1618 non
845 1581 1035 1618 obstarem
1056 1578 1299 1630 reipublicae3
1327 1589 1378 1616 ne

255 1632 351 1683 quid
369 1633 605 1683 arrogantius
625 1633 752 1672 videar
770 1634 903 1672 dicere.
933 1633 1052 1681 Quod
1069 1645 1158 1671 cum
1172 1632 1226 1670 ita
1239 1631 1301 1680 sit,
1315 1631 1376 1669 ni-

255 1685 361 1724 hilne
380 1687 478 1724 mihi
495 1687 542 1724 de
559 1687 728 1738 periculo
746 1700 833 1725 meo
851 1687 1097 1739 cogitandum
1113 1685 1285 1738 putatis?

312 1740 388 1778 IX.
411 1740 492 1779 Hic
504 1753 593 1779 cum
608 1754 727 1779 essem
741 1742 782 1779 in
795 1742 903 1780 Urbe
914 1754 957 1779 ac
972 1741 1092 1787 domi,
1105 1748 1235 1778 tamen
1247 1739 1375 1778 multa

255 1805 355 1845 saepe
373 1801 517 1832 tentata
535 1802 637 1843 sunt,
658 1796 726 1833 ubi
743 1809 807 1834 me
824 1807 902 1833 non
921 1795 1045 1833 solum
1057 1794 1265 1832 amicorum
1280 1793 1376 1832 fide-

254 1847 356 1894 litas,
377 1847 442 1886 sed
470 1848 585 1886 etiam
604 1849 790 1887 universae
821 1849 982 1887 civitatis
1011 1848 1112 1886 oculi
1141 1847 1374 1886 custodiunt.

257 1901 367 1949 Quid
386 1902 557 1950 censetis,
578 1915 666 1941 cum
685 1903 756 1941 iter
774 1903 964 1954 ingressus
989 1915 1065 1951 ero,
1095 1902 1257 1953 longum
1274 1915 1376 1953 prae-

258 1956 388 1993 sertim
402 1956 420 1992 ’ἓ
449 1957 624 1995 1101135110
641 1956 797 1995 insidias
814 1956 1130 2008 pertimescendas
1143 1956 1161 1993 P
1189 1955 1287 1994 Tres
1301 1956 1375 1994 viae

257 2017 349 2047 sunt
362 2010 411 2047 ad
431 2010 645 2058 Mutinam,
662 2024 740 2062 quo
756 2011 909 2050 festinat
923 2010 1087 2059 animus,
1103 2019 1147 2047 ut
1161 2022 1279 2061 quam
1293 2009 1373 2060 pri-

256 2076 368 2101 mum
382 2063 478 2101 illud
495 2064 634 2116 pignus
655 2065 839 2103 libertatis
859 2065 994 2116 populi
1005 2064 1187 2112 Romani,
1200 2063 1254 2101 D.
1267 2064 1371 2102 Bru-

257 2126 356 2165 tum,
377 2117 567 2169 adspicere
585 2119 751 2170 possim.
783 2120 892 2168 cujus
913 2119 954 2156 in
982 2118 1184 2170 complexu
1211 2117 1372 2156 libenter

257 2178 473 2209 extremum
493 2172 580 2210 vitae
598 2172 776 2223 spiritum
795 2172 991 2221 ediderim,
1007 2185 1096 2210 cum
1111 2184 1243 2210 omnes
1256 2170 1382 2210 actio«

255 2236 321 2263 nes
340 2224 477 2264 horum
495 2226 700 2273 mensium,
722 2239 855 2265 omnes
878 2226 1072 2266 sententiae
1096 2238 1206 2273 meae,
1237 2237 1370 2277 perve-
