1509 2397
212 55 293 101 :374
432 52 776 98 PHILIPPICA
805 52 931 92 XIII.
965 52 1072 94 CAP.
1092 56 1132 92 5.

213 162 299 202 dit?
329 162 452 202 Salvis
467 161 571 201 enim
590 162 682 201 actis
701 161 875 210 Caesaris,
895 175 984 215 quae
1001 163 1213 202 coneordiae
1224 163 1342 204 caus&

213 217 471 265 defendimus,
502 217 689 268 Pompeio
713 229 784 255 sua
812 216 950 256 domus
978 218 1148 269 patebit:
1179 231 1344 270 eamque

214 284 292 310 non
304 272 476 318 minoris,
493 284 612 322 quam
626 271 719 309 emit
735 271 944 319 Antonius,
959 272 1140 310 redimet:
1161 272 1340 320 redimet,

215 325 391 378 inquam,
409 326 481 364 Cn.
498 326 673 377 Pompeii
688 325 849 363 domum
861 325 974 364 filius.
996 325 1034 365 Ο
1047 339 1131 365 rem
1141 327 1340 366 acerbam!

216 380 295 419 Sed
313 380 395 419 haec
413 380 502 418 satis
533 379 600 418 diu
622 380 870 441 multumque
894 379 1032 418 defleta
1059 388 1161 420 sunt.
1200 380 1347 420 Decre-

217 434 325 472 vistis
343 442 491 473 tantam
510 434 714 485 pecuniam
735 433 935 485 Pompeio,
960 441 1149 486 quantam
1167 447 1216 473 ex
1233 435 1345 474 bonis

217 489 351 540 patriis
376 489 417 526 in
450 488 590 541 praedae
625 487 870 540 dissipatione
901 487 1080 527 immicus
1117 489 1237 528 victor
1260 489 1349 528 red-

224 543 374 594 egisset.

247 575 351 636 DSed
364 597 463 636 hanc
481 597 579 635 mihi
598 596 934 648 dispensationem,
953 610 1023 649 pro
1040 596 1203 648 paterna
1219 609 1350 638 neces-

220 651 387 690 situdine
407 659 444 689 et
469 651 750 700 conjunctione,
781 651 954 702 deposco.
994 651 1177 693 Redimet
1201 651 1349 701 hom

221 705 335 754 aedes,
356 707 505 744 urbana
519 705 712 757 quaedam,
729 718 816 756 quae
830 705 996 767 possidet
1015 705 1235 744 Antonius:
1256 717 1352 747 nam

221 768 441 821 argentum,
450 768 608 807 vestem,
621 759 911 811 supellectilem,
920 760 1228 807 vinum,am1ttet
1239 773 1353 812 aequo

220 815 366 862 animo,
388 828 475 866 quae
494 814 559 853 iue
577 814 707 852 helluo
725 814 933 865 dissipavit.
961 814 1177 863 Albanum,
1199 814 1353 853 Firma-

222 881 335 917 num,
369 882 392 907 a
424 869 632 907 Dolabella
660 868 922 919 recuperabit·
911 898 923 914 ‚
955 869 1071 908 etiam
1101 869 1150 908 ab
1178 869 1354 908 Antonio

222 923 495 962 Tusculanum
509 937 519 960 ε
550 923 683 974 hique,
700 923 767 974 qui
779 935 882 961 nunc
895 922 1097 962 Mutinam
1108 930 1354 975 oppugnant,

225 976 280 1016 D.
302 978 472 1016 Brutum
493 977 682 1025 obsident,
709 977 756 1016 de
781 976 946 1015 Falerno
965 977 1130 1016 Anseres
1157 977 1355 1029 depellen-

225 1038 300 1070 tur.
331 1032 431 1071 Sunt
446 1032 511 1069 alii
525 1033 653 1083 plures
671 1031 853 1069 fortasse:
876 1031 941 1070 sed
952 1033 1040 1070 mea
1053 1032 1241 1071 memoria
1253 1031 1352 1071 dila-

225 1087 383 1125 buntur.
414 1086 501 1137 Ego
520 1086 635 1124 etiam
647 1099 709 1124 eos
723 1085 821 1132 dicu,
835 1085 904 1136 qui
914 1085 1085 1124 hostium
1099 1099 1261 1125 numero
1274 1098 1353 1124 non

225 1148 331 1187 sunt,
360 1140 616 1192 Pompeianas
634 1140 901 1192 possessioneS,
922 1140 1060 1192 quanti
1078 1140 1254 1189 emerint,
1273 1140 1356 1179 filio

227 1194 454 1234 reddituros.

283 1249 383 1288 Satis
403 1248 671 1287 inconsiderati
689 1248 778 1297 fuit,
798 1260 848 1287 ne
866 1247 993 1287 dicam
1011 1247 1178 1296 audacis,
1194 1261 1278 1288 rem
1295 1249 1358 1287 ul-

227 1304 310 1342 lam
330 1316 378 1341 ex
395 1303 471 1341 inis
491 1303 699 1354 attingere:
730 1303 891 1341 retinere
905 1315 994 1341 vero
1012 1303 1098 1355 quis
1110 1303 1264 1355 poterit,
1279 1303 1360 1342 cla-

228 1358 378 1396 rissimo
398 1357 555 1395 domino
575 1358 774 1396 restituto?
805 1358 870 1395 An
885 1357 917 1395 is
931 1369 1010 1396 non
1029 1357 1175 1405 reddet,
1191 1357 1273 1409 qui,
1289 1357 1360 1397 do-

230 1412 329 1450 mini
360 1411 638 1464 patrimonium
667 1412 964 1463 circumplexus,
991 1411 1101 1464 quasi
1133 1412 1360 1452 thesaurum

229 1466 358 1514 draco,
381 1466 558 1518 Pompeii
577 1478 721 1514 servus,
736 1466 897 1504 libertus
917 1465 1093 1513 Caesafis,
1109 1466 1192 1528 agri
1205 1465 1359 1504 Lucani

231 1520 483 1573 possessiones
503 1520 725 1572 occupavit
715 1523 732 1549 ’θ
775 1521 909 1582 Atque
926 1520 1026 1559 fflud
1050 1521 1186 1572 septies
1203 1520 1360 1568 millies,

231 1575 337 1626 quod
356 1574 598 1622 adolescenti,
625 1582 751 1626 patres
769 1575 984 1626 conscripti,
1011 1574 1280 1627 spopondistis,
1305 1574 1363 1615 ita

232 1629 481 1691 describetur,
502 1636 546 1668 ut
565 1628 738 1668 videatur
756 1643 779 1668 a
797 1629 905 1668 vobis
924 1629 997 1668 Cn.
1012 1629 1189 1681 Pompeii
1203 1628 1361 1668 filiusin

231 1684 465 1736 patrimonio
484 1697 553 1722 suo
573 1684 790 1723 collocatus.
821 1684 919 1725 Haec
937 1691 1110 1722 senatus:
1131 1682 1281 1735 reliqua
1293 1695 1364 1734 po-

232 1738 351 1790 pulus
370 1738 602 1776 Romanus
592 1751 633 1776 in
652 1752 697 1777 ea
719 1738 884 1785 familia,
915 1750 1035 1790 quam
1053 1737 1149 1776 vidit
1171 1736 1364 1789 amplum-

233 1805 356 1841 mam,
387 1800 659 1844 persequetur.
689 1793 731 1831 in
761 1793 898 1845 primis
921 1799 1128 1844 paternum
1153 1793 1363 1843 auguratus

232 1847 412 1894 locum,'
401 1859 443 1885 ιιι
462 1860 579 1899 quem
599 1860 670 1898 ego
688 1861 792 1909 eum,
815 1854 873 1895 ut,
903 1846 1010 1899 quod
1031 1860 1055 1885 a
1082 1853 1191 1898 patre
1219 1845 1362 1908 wcepi,

236 1900 318 1943 filio
336 1900 510 1949 reddam,
525 1915 615 1940 mea.
626 1902 887 1941 nominatione
905 1902 1100 1952 cooptabo.
1132 1899 1303 1942 Utrum
1291 1913 1365 1952 lgi-

236 1962 302 1993 tur
321 1968 508 2007 augurem
526 1956 557 1994 J
558 1969 638 1994 ovis
652 1956 807 2008 Optimi
822 1955 1008 2002 Maximi,
1022 1956 1132 2005 cujus
1143 1955 1368 2006 interpretes

237 2007 542 2062 internuntiique
561 2010 757 2049 constituti
774 2023 924 2058 sumus,
944 2017 1078 2048 utrum
1097 2009 1265 2062 populus
1284 2009 1368 2048 Ro-

237 2076 381 2103 manus
404 2065 586 2104 libentius
612 2065 768 2113 sauciet,
794 2064 1028 2116 Pompeium
1047 2077 1097 2104 an
1116 2063 1368 2103 Antonium?

241 2117 350 2158 Mihi
368 2118 526 2171 quidem
545 2119 707 2159 numine
727 2119 903 2159 Deorum
921 2119 1203 2161 immortalium
1220 2104 1369 2157 videtur

242 2172 692 2222 hocFortunavoluisse,
707 2182 768 2222 ut,
784 2173 879 2215 actis
896 2173 1059 2214 Cauris
1075 2173 1197 2214 firmis
1213 2171 1371 2221 acram
