1509 2397
194 82 275 127 378
398 78 740 119 PHILIPPICA
769 79 897 119 XIII.
927 79 1033 119 CAP.
1058 81 1122 120 lo.

195 191 394 229 Caesarem
403 188 512 240 sequi
525 188 780 227 arbitrabatur
793 200 882 227 cum
893 188 1043 240 legione
1055 187 1218 236 Martia,
1231 200 1323 230 cum

195 243 348 296 quarta,
371 256 459 282 cum
480 243 692 288 veteranis,
681 257 691 266 ·
706 255 890 304 quorum
908 243 974 282 ille
987 255 1128 282 nomen
1147 256 1227 295 prae
1240 255 1323 283 me-

195 308 239 336 tu
259 298 355 336 ferre
374 310 451 335 non
480 304 651 348 poterat:
683 296 808 348 eique,
828 297 870 334 111
897 296 1069 335 Galliam
1092 298 1323 348 penetranti,

196 351 250 389 D.
284 364 323 389 se
354 352 501 389 Brutus
530 351 694 400 objecit;
725 351 793 402 qui
819 364 858 388 se
881 350 997 389 totius
1022 351 1115 389 belli
1141 351 1322 390 fluctibus

198 405 404 452 circumiri,
426 418 545 457 quam
563 404 677 442 illum
696 413 764 443 aut
781 404 929 455 regredi
947 412 1014 442 aut
1028 405 1222 456 progredi,
1238 418 1324 444 ma·-

196 459 298 504 luit;
331 459 610 521 Mutinamque
644 458 703 496 1111
728 459 936 497 exsultanti
965 465 1168 510 tamquam
1193 459 1324 498 frenos

198 513 364 551 furoris
353 515 495 563 injecit.
526 513 659 560 Quam
675 526 763 551 cum
776 512 955 564 operibus
966 512 1326 565 munitionibusque

199 567 458 619 sepsisset,nec
466 581 556 606 eum
563 567 838 605 florentissimae
847 566 1003 605 coloniae
1010 566 1189 618 dignitas,
1198 579 1325 619 neque

199 622 368 660 consulis
397 620 585 672 designati
614 622 807 670 majestas,
831 634 855 658 a
872 620 1074 671 parricidio
1093 621 1323 668 deterreret3

201 682 303 723 tum,
334 688 397 713 me
424 678 556 719 (testor
581 686 618 713 et
643 688 723 722 vos,
755 682 792 712 et
816 674 1007 726 populum
1026 675 1269 724 Romanum,
1287 683 1327 714 et

197 742 330 768 omnes
350 729 454 768 Deos
482 729 550 781 qui
596 728 687 767 huic
706 728 793 767 urbi
819 728 1041 780 praesident)
1070 729 1191 768 invito
1215 736 1254 768 et
1270 742 1334 768 re-

201 790 416 835 pugnante,
445 783 562 835 legati
591 783 698 821 missi
726 791 802 821 tres
826 783 1040 821 consulares
1065 782 1116 821 ad
1138 783 1335 823 latronem

203 838 266 876 M.
287 838 523 886 Antonium,
544 837 802 888 gladiatorum
821 836 972 875 ducem.

258 891 359 939 Quis
379 899 459 930 tam
478 894 663 930 barbarus
675 890 878 943 unquam?
908 898 988 929 tam
1007 890 1219 930 immanis?
1246 897 1329 932 tam

203 945 333 984 ferus.
324 948 341 973 ²
373 946 466 984 Non
485 945 655 984 audivit:
686 958 763 983 non
782 945 1003 1006 respondit:
1033 958 1158 997 neque
1184 959 1246 984 eos
1266 959 1330 985 so-

200 1000 288 1038 lum
305 1007 525 1061 praesentes,
551 1000 616 1038 sed
645 999 770 1038 multo
791 999 915 1050 magis
944 1011 1027 1046 nos,
1054 1013 1078 1037 a
1099 999 1240 1051 quibus
1269 999 1329 1038 illi

201 1061 310 1092 erant
321 1054 427 1092 missi
430 1054 604 1106 ,sprevit,
619 1060 655 1092 et
666 1067 735 1106 pro
746 1032 881 1091 nihiloD
882 1053 1045 1105 putavit.
1057 1054 1211 1102 Postea,
1224 1053 1332 1106 quod

204 1108 340 1156 scelus,
374 1108 479 1159 quod
509 1108 672 1155 facinus,
705 1107 893 1159 parricida
923 1119 1001 1145 non
1038 1107 1157 1146 edidit
1170 1110 1188 1146 ἓ
1243 1107 1329 1147 Cir-

203 1161 394 1200 cumsedit
413 1163 564 1201 colonos
583 1170 739 1210 vestros,
759 1162 970 1200 exercitum
987 1161 1123 1213 populi
1141 1162 1330 1211 Romani,

202 1216 487 1267 imperatorem,
521 1217 717 1255 consulem
745 1215 1015 1267 designatum:
1045 1228 1156 1266 agros
1177 1215 1333 1255 divexat

204 1269 348 1309 civium
364 1271 599 1322 optimorum
614 1285 624 1308 ε
655 1270 773 1309 hostis
793 1269 1009 1309 teterrimus
1027 1269 1207 1309 omnibus
1218 1269 1336 1310 bonis

203 1337 334 1363 cruces
354 1338 398 1362 ac
417 1332 606 1363 tormenta
624 1324 838 1363 minitatur.

261 1378 316 1416 X.
347 1378 451 1417 Cum
470 1379 556 1427 hoc,
587 1379 649 1417 M.
677 1378 839 1430 Lepide,
859 1391 938 1430 pax
963 1391 1044 1418 esse
1062 1391 1150 1430 quae
1166 1385 1294 1431 potest
1306 1382 1328 1420 Ρ

205 1433 317 1482 cujus
336 1445 385 1471 ne
403 1433 590 1484 supplicio
608 1433 767 1485 quidem
791 1433 872 1471 ullo
898 1432 1026 1471 satiari
1043 1432 1195 1471 videtur
1218 1446 1330 1485 posse

205 1486 374 1538 populus
394 1488 609 1526 Romanus.
640 1487 759 1535 Quod
773 1486 804 1525 si
817 1487 902 1539 quis
921 1486 1047 1526 adhuc
1065 1487 1241 1526 dubitare
1258 1501 1329 1539 po-

206 1540 294 1587 tuit,
317 1541 413 1593 quin
441 1543 551 1580 nulla
569 1541 725 1580 societas
744 1541 836 1580 huic
861 1541 985 1579 ordini
1003 1541 1225 1593 populoque
1246 1543 1332 1581 Ro-

205 1607 322 1633 mano
355 1608 444 1634 cum
474 1596 542 1634 1113
571 1595 901 1647 importunissima
930 1595 1062 1634 bellua
1085 1595 1204 1646 possit
1222 1608 1333 1643 6556,

207 1648 354 1688 desinet
372 1649 540 1711 profecto
560 1649 749 1699 dubitare,
779 1650 839 1688 his
863 1649 1023 1701 cognitis
1050 1648 1184 1698 literis,
1215 1663 1328 1702 quas,

207 1702 306 1741 mihi
330 1704 463 1742 missas
488 1707 537 1743 ab
571 1704 703 1743 Hirtio
726 1704 894 1751 consule,
923 1703 1040 1742 modo
1069 1703 1208 1765 accepi.
1247 1703 1329 1743 Eas

206 1757 305 1795 dum
325 1758 454 1806 recito,
475 1758 648 1810 dumque
673 1759 721 1797 de
751 1758 912 1820 singulis
936 1757 1132 1796 sententiis
1163 1758 1327 1797 breviter

206 1811 376 1863 disputo,
398 1812 527 1861 velim,
548 1820 673 1864 patres
692 1812 906 1863 conscripti,
939 1814 1001 1855 (ut
1023 1811 1149 1850 adhuc
1172 1811 1330 1860 fecistis)

209 1877 273 1903 me
293 1873 435 1905 attente
462 1866 639 1905 audiatis.
670 1869 699 1890 ‘⁶
713 1867 910 1905 Antonius
935 1865 1067 1904 Hirtio
1092 1873 1129 1904 et
1148 1866 1332 1905 Caesari.”

210 1919 353 1972 Neque
383 1934 423 1959 se
451 1921 736 1973 imperatorem,
764 1934 889 1973 neque
914 1920 1091 1959 Hirtium
1119 1921 1332 1972 consulem,

211 1986 281 2013 nec
309 1987 378 2026 pro
402 1983 564 2026 praetore
583 1975 785 2014 Caesarem„
825 1975 925 2014 Satis
947 1974 1021 2013 hoc
1039 1974 1196 2026 quidem
1215 1975 1331 2015 scite:

211 2027 400 2079 deponere
412 2029 583 2068 alienum
595 2042 734 2068 nomen
746 2030 826 2082 ipse
838 2029 989 2076 maluit,
1003 2041 1119 2081 quam
1132 2029 1208 2068 illis
1220 2043 1340 2070 suum.

210 2083 378 2121 reddere.
410 2086 439 2106 a<
460 2084 626 2135 Cognita
644 2092 766 2123 morte
782 2084 827 2122 C.
844 2084 1042 2130 Trebonii,
1064 2095 1139 2122 non
1160 2084 1248 2135 plus
1266 2097 1334 2136 ga.

213 2136 316 2176 visus
336 2150 437 2183 sum,
459 2151 579 2189 quam
596 2138 715 2177 dolui.
719 2139 745 2155 ”
786 2138 939 2185 Videte,
968 2137 1063 2190 quid
1085 2150 1124 2175 se
1141 2137 1336 2189 gavisum,

212 2190 306 2241 quid
325 2191 505 2241 doluisse,
533 2192 656 2233 dicat:
688 2192 839 2232 facilius
865 2192 912 2232 de
941 2205 1035 2244 paee
1064 2191 1331 2232 deliberabitis.
