<?xml version="1.0" encoding="UTF-8"?>
<!DOCTYPE html PUBLIC "-//W3C//DTD XHTML 1.0 Transitional//EN"
    "http://www.w3.org/TR/xhtml1/DTD/xhtml1-transitional.dtd">
<html xmlns="http://www.w3.org/1999/xhtml" xml:lang="en" lang="en">
 <head>
  <title>
</title>
<meta http-equiv="Content-Type" content="text/html;charset=utf-8" />
  <meta name='ocr-system' content='tesseract 3.04.00' />
  <meta name='ocr-capabilities' content='ocr_page ocr_carea ocr_par ocr_line ocrx_word'/>
</head>
<body>
  <div class='ocr_page' id='page_1' title='image "./operaern08ciceuoft_0055.png"; bbox 0 0 1509 2397; ppageno 0'>
   <div class='ocr_carea' id='block_1_1' title="bbox 376 67 1216 110">
    <p class='ocr_par' dir='ltr' id='par_1_1' title="bbox 376 67 1216 110">
     <span class='ocr_line' id='line_1_1' title="bbox 376 67 1216 110; baseline -0.002 -3"><span class='ocrx_word' id='word_1_1' title='bbox 376 70 440 108; x_wconf 88' lang='lat' dir='ltr'>IN</span> <span class='ocrx_word' id='word_1_2' title='bbox 470 69 744 110; x_wconf 78' lang='lat' dir='ltr'><strong>PISONEM.</strong></span> <span class='ocrx_word' id='word_1_3' title='bbox 774 69 879 108; x_wconf 77' lang='lat' dir='ltr'>CAP.</span> <span class='ocrx_word' id='word_1_4' title='bbox 905 68 966 106; x_wconf 80' lang='lat'>12.</span> <span class='ocrx_word' id='word_1_5' title='bbox 1169 67 1216 105; x_wconf 82' lang='lat'>41</span> 
     </span>
    </p>
   </div>
   <div class='ocr_carea' id='block_1_2' title="bbox 65 174 1215 2168">
    <p class='ocr_par' dir='ltr' id='par_1_2' title="bbox 81 174 1215 323">
     <span class='ocr_line' id='line_1_2' title="bbox 86 174 1215 225; baseline -0.003 -9"><span class='ocrx_word' id='word_1_6' title='bbox 86 178 169 225; x_wconf 65' lang='lat' dir='ltr'>bn,</span> <span class='ocrx_word' id='word_1_7' title='bbox 198 188 276 216; x_wconf 90' lang='lat' dir='ltr'>non</span> <span class='ocrx_word' id='word_1_8' title='bbox 309 177 527 224; x_wconf 79' lang='lat' dir='ltr'>exstinctor,</span> <span class='ocrx_word' id='word_1_9' title='bbox 559 177 626 216; x_wconf 87' lang='lat' dir='ltr'>sed</span> <span class='ocrx_word' id='word_1_10' title='bbox 659 185 790 216; x_wconf 87' lang='lat' dir='ltr'>auctor</span> <span class='ocrx_word' id='word_1_11' title='bbox 809 175 990 221; x_wconf 88' lang='lat' dir='ltr'>incendii,</span> <span class='ocrx_word' id='word_1_12' title='bbox 1019 182 1056 214; x_wconf 92' lang='lat' dir='ltr'>et</span> <span class='ocrx_word' id='word_1_13' title='bbox 1080 174 1215 213; x_wconf 87' lang='lat' dir='ltr'>arden-</span> 
     </span>
     <span class='ocr_line' id='line_1_3' title="bbox 81 229 1211 285; baseline -0.002 -16"><span class='ocrx_word' id='word_1_14' title='bbox 81 237 139 269; x_wconf 85' lang='lat' dir='ltr'>tes</span> <span class='ocrx_word' id='word_1_15' title='bbox 157 230 256 270; x_wconf 73' lang='lat' dir='ltr'>facee</span> <span class='ocrx_word' id='word_1_16' title='bbox 274 230 402 270; x_wconf 87' lang='lat' dir='ltr'>Furiis</span> <span class='ocrx_word' id='word_1_17' title='bbox 421 231 616 270; x_wconf 81' lang='lat' dir='ltr'>Clodianis</span> <span class='ocrx_word' id='word_1_18' title='bbox 634 244 744 285; x_wconf 82' lang='lat' dir='ltr'>paene</span> <span class='ocrx_word' id='word_1_19' title='bbox 761 231 844 282; x_wconf 85' lang='lat' dir='ltr'>ipse</span> <span class='ocrx_word' id='word_1_20' title='bbox 862 230 994 268; x_wconf 84' lang='lat' dir='ltr'>consul</span> <span class='ocrx_word' id='word_1_21' title='bbox 1016 229 1211 267; x_wconf 83' lang='lat' dir='ltr'>ministra-</span> 
     </span>
     <span class='ocr_line' id='line_1_4' title="bbox 88 285 170 323; baseline 0 0"><span class='ocrx_word' id='word_1_22' title='bbox 88 285 170 323; x_wconf 82' lang='lat' dir='ltr'>bas.</span> 
     </span>
    </p>

    <p class='ocr_par' dir='ltr' id='par_1_3' title="bbox 81 336 1209 766">
     <span class='ocr_line' id='line_1_5' title="bbox 139 336 1209 409; baseline -0.003 -33"><span class='ocrx_word' id='word_1_23' title='bbox 139 337 242 376; x_wconf 90' lang='lat' dir='ltr'>XII.</span> <span class='ocrx_word' id='word_1_24' title='bbox 270 338 339 376; x_wconf 91' lang='lat' dir='ltr'>An</span> <span class='ocrx_word' id='word_1_25' title='bbox 358 351 446 377; x_wconf 88' lang='lat' dir='ltr'>vero</span> <span class='ocrx_word' id='word_1_26' title='bbox 464 339 612 390; x_wconf 88' lang='lat' dir='ltr'>reliquo</span> <span class='ocrx_word' id='word_1_27' title='bbox 631 346 802 409; x_wconf 81' lang='lat' dir='ltr'>tempore</span> <span class='ocrx_word' id='word_1_28' title='bbox 823 338 1018 377; x_wconf 91' lang='lat' dir='ltr'>consulem</span> <span class='ocrx_word' id='word_1_29' title='bbox 1039 344 1076 374; x_wconf 93' lang='lat' dir='ltr'>te</span> <span class='ocrx_word' id='word_1_30' title='bbox 1104 336 1209 387; x_wconf 90' lang='lat' dir='ltr'>quis-</span> 
     </span>
     <span class='ocr_line' id='line_1_6' title="bbox 86 390 1206 453; baseline -0.002 -24"><span class='ocrx_word' id='word_1_31' title='bbox 86 404 205 443; x_wconf 84' lang='lat' dir='ltr'>quam</span> <span class='ocrx_word' id='word_1_32' title='bbox 234 391 376 430; x_wconf 80' lang='lat' dir='ltr'>duxit?</span> <span class='ocrx_word' id='word_1_33' title='bbox 403 393 618 453; x_wconf 61' lang='lat' dir='ltr'>quisquam</span> <span class='ocrx_word' id='word_1_34' title='bbox 642 393 712 430; x_wconf 83' lang='lat' dir='ltr'>tibi</span> <span class='ocrx_word' id='word_1_35' title='bbox 737 393 887 443; x_wconf 83' lang='lat' dir='ltr'>paruit.</span> <span class='ocrx_word' id='word_1_36' title='bbox 878 395 895 420; x_wconf 67' lang='lat'><strong>⁹</strong></span> <span class='ocrx_word' id='word_1_37' title='bbox 925 392 1131 442; x_wconf 85' lang='lat' dir='ltr'>quisquam</span> <span class='ocrx_word' id='word_1_38' title='bbox 1164 390 1206 428; x_wconf 92' lang='lat' dir='ltr'>in</span> 
     </span>
     <span class='ocr_line' id='line_1_7' title="bbox 84 443 1206 497; baseline -0.003 -14"><span class='ocrx_word' id='word_1_39' title='bbox 84 445 229 483; x_wconf 80' lang='lat' dir='ltr'>euriam</span> <span class='ocrx_word' id='word_1_40' title='bbox 248 446 414 484; x_wconf 85' lang='lat' dir='ltr'>venienti</span> <span class='ocrx_word' id='word_1_41' title='bbox 432 447 668 485; x_wconf 60' lang='lat' dir='ltr'>assurrexit?</span> <span class='ocrx_word' id='word_1_42' title='bbox 698 447 904 497; x_wconf 85' lang='lat' dir='ltr'>quisquam</span> <span class='ocrx_word' id='word_1_43' title='bbox 918 443 1130 483; x_wconf 84' lang='lat' dir='ltr'>consulenti</span> <span class='ocrx_word' id='word_1_44' title='bbox 1148 457 1206 481; x_wconf 87' lang='lat' dir='ltr'>re-</span> 
     </span>
     <span class='ocr_line' id='line_1_8' title="bbox 85 499 1206 560; baseline -0.002 -24"><span class='ocrx_word' id='word_1_45' title='bbox 85 499 351 560; x_wconf 78' lang='lat' dir='ltr'>spondendum</span> <span class='ocrx_word' id='word_1_46' title='bbox 383 500 564 551; x_wconf 83' lang='lat' dir='ltr'>putavit?</span> <span class='ocrx_word' id='word_1_47' title='bbox 595 501 870 538; x_wconf 81' lang='lat' dir='ltr'>Numerandus</span> <span class='ocrx_word' id='word_1_48' title='bbox 902 506 958 538; x_wconf 81' lang='lat' dir='ltr'>est</span> <span class='ocrx_word' id='word_1_49' title='bbox 989 499 1054 536; x_wconf 90' lang='grc'>1118</span> <span class='ocrx_word' id='word_1_50' title='bbox 1083 509 1206 535; x_wconf 85' lang='lat' dir='ltr'>annus</span> 
     </span>
     <span class='ocr_line' id='line_1_9' title="bbox 83 551 1204 604; baseline -0.002 -14"><span class='ocrx_word' id='word_1_51' title='bbox 83 551 275 604; x_wconf 88' lang='lat' dir='ltr'>denique</span> <span class='ocrx_word' id='word_1_52' title='bbox 264 564 305 591; x_wconf 83' lang='lat' dir='ltr'>in</span> <span class='ocrx_word' id='word_1_53' title='bbox 324 554 534 604; x_wconf 73' lang='lat' dir='ltr'>republica,</span> <span class='ocrx_word' id='word_1_54' title='bbox 550 566 638 592; x_wconf 91' lang='lat' dir='ltr'>cum</span> <span class='ocrx_word' id='word_1_55' title='bbox 651 554 904 592; x_wconf 83' lang='lat' dir='ltr'>obmutuisset</span> <span class='ocrx_word' id='word_1_56' title='bbox 914 560 1082 597; x_wconf 86' lang='lat' dir='ltr'>senatus,</span> <span class='ocrx_word' id='word_1_57' title='bbox 1099 551 1204 600; x_wconf 89' lang='lat' dir='ltr'>judi-</span> 
     </span>
     <span class='ocr_line' id='line_1_10' title="bbox 83 605 1206 669; baseline -0.002 -25"><span class='ocrx_word' id='word_1_58' title='bbox 83 605 142 644; x_wconf 82' lang='grc'>813</span> <span class='ocrx_word' id='word_1_59' title='bbox 159 606 439 654; x_wconf 78' lang='lat' dir='ltr'><strong>conticuissent,</strong></span> <span class='ocrx_word' id='word_1_60' title='bbox 462 615 664 646; x_wconf 83' lang='lat' dir='ltr'>moererent</span> <span class='ocrx_word' id='word_1_61' title='bbox 679 607 786 669; x_wconf 82' lang='lat' dir='ltr'>boni,</span> <span class='ocrx_word' id='word_1_62' title='bbox 808 608 864 646; x_wconf 86' lang='lat' dir='ltr'>vis</span> <span class='ocrx_word' id='word_1_63' title='bbox 886 605 1074 645; x_wconf 88' lang='lat' dir='ltr'>latrocinii</span> <span class='ocrx_word' id='word_1_64' title='bbox 1091 605 1206 643; x_wconf 80' lang='lat' dir='ltr'>vestri</span> 
     </span>
     <span class='ocr_line' id='line_1_11' title="bbox 81 658 1203 712; baseline -0.001 -15"><span class='ocrx_word' id='word_1_65' title='bbox 81 660 164 697; x_wconf 79' lang='lat' dir='ltr'>tota</span> <span class='ocrx_word' id='word_1_66' title='bbox 183 662 277 698; x_wconf 92' lang='lat' dir='ltr'>urbe</span> <span class='ocrx_word' id='word_1_67' title='bbox 295 661 483 708; x_wconf 88' lang='lat' dir='ltr'>volitaret,</span> <span class='ocrx_word' id='word_1_68' title='bbox 511 674 637 712; x_wconf 88' lang='lat' dir='ltr'>neque</span> <span class='ocrx_word' id='word_1_69' title='bbox 657 661 748 699; x_wconf 86' lang='lat' dir='ltr'>civis</span> <span class='ocrx_word' id='word_1_70' title='bbox 766 674 869 699; x_wconf 91' lang='lat' dir='ltr'>unus</span> <span class='ocrx_word' id='word_1_71' title='bbox 888 674 935 699; x_wconf 81' lang='lat' dir='ltr'>ex</span> <span class='ocrx_word' id='word_1_72' title='bbox 954 659 1117 706; x_wconf 81' lang='lat' dir='ltr'>civitate,</span> <span class='ocrx_word' id='word_1_73' title='bbox 1138 658 1203 696; x_wconf 86' lang='lat' dir='ltr'>sed</span> 
     </span>
     <span class='ocr_line' id='line_1_12' title="bbox 83 712 1202 766; baseline -0.001 -15"><span class='ocrx_word' id='word_1_74' title='bbox 83 712 166 764; x_wconf 86' lang='lat' dir='ltr'>ipsa</span> <span class='ocrx_word' id='word_1_75' title='bbox 183 714 328 762; x_wconf 85' lang='lat' dir='ltr'>civitas,</span> <span class='ocrx_word' id='word_1_76' title='bbox 348 722 415 752; x_wconf 89' lang='lat' dir='ltr'>tuo</span> <span class='ocrx_word' id='word_1_77' title='bbox 427 722 463 753; x_wconf 93' lang='lat' dir='ltr'>et</span> <span class='ocrx_word' id='word_1_78' title='bbox 479 715 635 753; x_wconf 89' lang='lat' dir='ltr'>Gabinii</span> <span class='ocrx_word' id='word_1_79' title='bbox 649 715 809 753; x_wconf 83' lang='lat' dir='ltr'>sceleri</span> <span class='ocrx_word' id='word_1_80' title='bbox 788 715 985 766; x_wconf 72' lang='lat' dir='ltr'>rui-orique</span> <span class='ocrx_word' id='word_1_81' title='bbox 1003 713 1170 751; x_wconf 81' lang='lat' dir='ltr'>cessisset</span> <span class='ocrx_word' id='word_1_82' title='bbox 1183 715 1202 751; x_wconf 69' lang='grc' dir='ltr'>ἓ</span> 
     </span>
    </p>

    <p class='ocr_par' dir='ltr' id='par_1_4' title="bbox 72 766 1202 1609">
     <span class='ocr_line' id='line_1_13' title="bbox 133 766 1200 819; baseline 0 -15"><span class='ocrx_word' id='word_1_83' title='bbox 133 767 194 805; x_wconf 86' lang='lat' dir='ltr'>At</span> <span class='ocrx_word' id='word_1_84' title='bbox 211 780 260 805; x_wconf 91' lang='lat' dir='ltr'>ne</span> <span class='ocrx_word' id='word_1_85' title='bbox 277 775 362 805; x_wconf 88' lang='lat' dir='ltr'>tum</span> <span class='ocrx_word' id='word_1_86' title='bbox 381 768 538 819; x_wconf 89' lang='lat' dir='ltr'>quidem</span> <span class='ocrx_word' id='word_1_87' title='bbox 557 769 754 815; x_wconf 79' lang='lat' dir='ltr'>emersisti,</span> <span class='ocrx_word' id='word_1_88' title='bbox 779 769 968 806; x_wconf 86' lang='lat' dir='ltr'>lutulente</span> <span class='ocrx_word' id='word_1_89' title='bbox 987 766 1200 815; x_wconf 71' lang='lat' dir='ltr'>Caesonine,-</span> 
     </span>
     <span class='ocr_line' id='line_1_14' title="bbox 81 820 1202 871; baseline -0.002 -12"><span class='ocrx_word' id='word_1_90' title='bbox 81 833 130 859; x_wconf 84' lang='lat' dir='ltr'>ex</span> <span class='ocrx_word' id='word_1_91' title='bbox 149 820 370 859; x_wconf 83' lang='lat' dir='ltr'>miserrimis</span> <span class='ocrx_word' id='word_1_92' title='bbox 389 830 535 860; x_wconf 86' lang='lat' dir='ltr'>naturae</span> <span class='ocrx_word' id='word_1_93' title='bbox 552 830 629 860; x_wconf 85' lang='lat' dir='ltr'>tuae</span> <span class='ocrx_word' id='word_1_94' title='bbox 647 823 844 867; x_wconf 84' lang='lat' dir='ltr'>sordibus,</span> <span class='ocrx_word' id='word_1_95' title='bbox 834 836 844 845; x_wconf 94' lang='lat'><strong>·</strong></span> <span class='ocrx_word' id='word_1_96' title='bbox 875 835 964 860; x_wconf 88' lang='lat' dir='ltr'>cum</span> <span class='ocrx_word' id='word_1_97' title='bbox 984 828 1202 871; x_wconf 81' lang='lat' dir='ltr'>experrecta</span> 
     </span>
     <span class='ocr_line' id='line_1_15' title="bbox 80 873 1200 921; baseline -0.001 -9"><span class='ocrx_word' id='word_1_98' title='bbox 80 874 236 913; x_wconf 81' lang='lat' dir='ltr'>tandem</span> <span class='ocrx_word' id='word_1_99' title='bbox 255 875 375 913; x_wconf 84' lang='lat' dir='ltr'>virtus</span> <span class='ocrx_word' id='word_1_100' title='bbox 397 876 534 914; x_wconf 87' lang='lat' dir='ltr'>claris</span> <span class='ocrx_word' id='word_1_101' title='bbox 518 876 593 913; x_wconf 77' lang='lat' dir='ltr'>imi</span> <span class='ocrx_word' id='word_1_102' title='bbox 612 876 683 914; x_wconf 77' lang='lat' dir='ltr'>viri</span> <span class='ocrx_word' id='word_1_103' title='bbox 701 876 868 921; x_wconf 86' lang='lat' dir='ltr'>celeriter</span> <span class='ocrx_word' id='word_1_104' title='bbox 893 884 930 914; x_wconf 90' lang='lat' dir='ltr'>et</span> <span class='ocrx_word' id='word_1_105' title='bbox 946 887 1079 913; x_wconf 88' lang='lat' dir='ltr'>verum</span> <span class='ocrx_word' id='word_1_106' title='bbox 1103 873 1200 912; x_wconf 88' lang='lat' dir='ltr'>ami-</span> 
     </span>
     <span class='ocr_line' id='line_1_16' title="bbox 77 928 1199 990; baseline -0.001 -24"><span class='ocrx_word' id='word_1_107' title='bbox 77 940 181 975; x_wconf 89' lang='lat' dir='ltr'>cum,</span> <span class='ocrx_word' id='word_1_108' title='bbox 203 936 240 967; x_wconf 88' lang='lat' dir='ltr'>et</span> <span class='ocrx_word' id='word_1_109' title='bbox 264 928 407 990; x_wconf 79' lang='lat' dir='ltr'>optime</span> <span class='ocrx_word' id='word_1_110' title='bbox 429 930 610 968; x_wconf 86' lang='lat' dir='ltr'>meritum</span> <span class='ocrx_word' id='word_1_111' title='bbox 636 929 693 968; x_wconf 84' lang='lat' dir='ltr'>civ</span> <span class='ocrx_word' id='word_1_112' title='bbox 696 943 771 974; x_wconf 89' lang='lat' dir='ltr'>em,</span> <span class='ocrx_word' id='word_1_113' title='bbox 793 939 829 967; x_wconf 92' lang='lat' dir='ltr'>et</span> <span class='ocrx_word' id='word_1_114' title='bbox 855 942 969 967; x_wconf 86' lang='lat' dir='ltr'>suum</span> <span class='ocrx_word' id='word_1_115' title='bbox 993 928 1199 980; x_wconf 81' lang='lat' dir='ltr'>pristinum</span> 
     </span>
     <span class='ocr_line' id='line_1_17' title="bbox 77 981 1198 1044; baseline 0 -25"><span class='ocrx_word' id='word_1_116' title='bbox 77 993 239 1030; x_wconf 87' lang='lat' dir='ltr'>morem,</span> <span class='ocrx_word' id='word_1_117' title='bbox 270 983 485 1044; x_wconf 82' lang='lat' dir='ltr'>requisivit:</span> <span class='ocrx_word' id='word_1_118' title='bbox 517 995 642 1035; x_wconf 89' lang='lat' dir='ltr'>neque</span> <span class='ocrx_word' id='word_1_119' title='bbox 667 990 722 1021; x_wconf 86' lang='lat' dir='ltr'>est</span> <span class='ocrx_word' id='word_1_120' title='bbox 753 984 819 1021; x_wconf 86' lang='lat' dir='ltr'>ille</span> <span class='ocrx_word' id='word_1_121' title='bbox 846 983 903 1020; x_wconf 89' lang='lat' dir='ltr'>vir</span> <span class='ocrx_word' id='word_1_122' title='bbox 926 995 1072 1034; x_wconf 82' lang='lat' dir='ltr'>passus,</span> <span class='ocrx_word' id='word_1_123' title='bbox 1093 981 1133 1018; x_wconf 88' lang='lat' dir='ltr'>in</span> <span class='ocrx_word' id='word_1_124' title='bbox 1153 981 1198 1019; x_wconf 86' lang='lat' dir='ltr'>ea</span> 
     </span>
     <span class='ocr_line' id='line_1_18' title="bbox 76 1035 1198 1088; baseline -0.001 -15"><span class='ocrx_word' id='word_1_125' title='bbox 76 1036 285 1087; x_wconf 76' lang='lat' dir='ltr'>republica,</span> <span class='ocrx_word' id='word_1_126' title='bbox 306 1049 425 1087; x_wconf 87' lang='lat' dir='ltr'>quam</span> <span class='ocrx_word' id='word_1_127' title='bbox 436 1037 518 1087; x_wconf 86' lang='lat' dir='ltr'>ipse</span> <span class='ocrx_word' id='word_1_128' title='bbox 531 1036 725 1075; x_wconf 81' lang='lat' dir='ltr'>decorarat</span> <span class='ocrx_word' id='word_1_129' title='bbox 738 1045 853 1088; x_wconf 85' lang='lat' dir='ltr'>atque</span> <span class='ocrx_word' id='word_1_130' title='bbox 865 1044 1037 1082; x_wconf 78' lang='lat' dir='ltr'>auxerat,</span> <span class='ocrx_word' id='word_1_131' title='bbox 1052 1035 1198 1073; x_wconf 85' lang='lat' dir='ltr'>diutius</span> 
     </span>
     <span class='ocr_line' id='line_1_19' title="bbox 74 1089 1194 1141; baseline -0.002 -14"><span class='ocrx_word' id='word_1_132' title='bbox 74 1096 286 1128; x_wconf 49' lang='lat' dir='ltr'>vestrorum</span> <span class='ocrx_word' id='word_1_133' title='bbox 305 1091 490 1128; x_wconf 84' lang='lat' dir='ltr'>scelerum</span> <span class='ocrx_word' id='word_1_134' title='bbox 503 1099 649 1141; x_wconf 81' lang='lat' dir='ltr'>pestem</span> <span class='ocrx_word' id='word_1_135' title='bbox 667 1091 827 1128; x_wconf 89' lang='lat' dir='ltr'>morari·</span> <span class='ocrx_word' id='word_1_136' title='bbox 859 1103 948 1128; x_wconf 89' lang='lat' dir='ltr'>cum</span> <span class='ocrx_word' id='word_1_137' title='bbox 966 1098 1096 1127; x_wconf 85' lang='lat' dir='ltr'>tamen</span> <span class='ocrx_word' id='word_1_138' title='bbox 1114 1089 1194 1136; x_wconf 88' lang='grc'>1118,</span> 
     </span>
     <span class='ocr_line' id='line_1_20' title="bbox 75 1142 1195 1195; baseline -0.001 -14"><span class='ocrx_word' id='word_1_139' title='bbox 75 1143 366 1195; x_wconf 78' lang='lat' dir='ltr'>qualiscumque</span> <span class='ocrx_word' id='word_1_140' title='bbox 385 1152 455 1189; x_wconf 88' lang='lat' dir='ltr'>est,</span> <span class='ocrx_word' id='word_1_141' title='bbox 477 1144 545 1195; x_wconf 91' lang='lat' dir='ltr'>qui</span> <span class='ocrx_word' id='word_1_142' title='bbox 564 1152 619 1183; x_wconf 87' lang='lat' dir='ltr'>est</span> <span class='ocrx_word' id='word_1_143' title='bbox 637 1146 685 1182; x_wconf 84' lang='lat' dir='ltr'>ab</span> <span class='ocrx_word' id='word_1_144' title='bbox 704 1157 783 1182; x_wconf 90' lang='lat' dir='ltr'>uno</span> <span class='ocrx_word' id='word_1_145' title='bbox 801 1152 838 1182; x_wconf 82' lang='lat' dir='ltr'>te</span> <span class='ocrx_word' id='word_1_146' title='bbox 856 1143 1099 1195; x_wconf 83' lang='lat' dir='ltr'>improbitate</span> <span class='ocrx_word' id='word_1_147' title='bbox 1117 1142 1195 1181; x_wconf 84' lang='lat' dir='ltr'>vic-</span> 
     </span>
     <span class='ocr_line' id='line_1_21' title="bbox 75 1196 1194 1250; baseline -0.001 -16"><span class='ocrx_word' id='word_1_148' title='bbox 75 1203 152 1244; x_wconf 85' lang='lat' dir='ltr'>tus,</span> <span class='ocrx_word' id='word_1_149' title='bbox 167 1196 370 1245; x_wconf 86' lang='lat' dir='ltr'>Gabinius,</span> <span class='ocrx_word' id='word_1_150' title='bbox 383 1198 554 1248; x_wconf 88' lang='lat' dir='ltr'>collegit</span> <span class='ocrx_word' id='word_1_151' title='bbox 545 1211 626 1250; x_wconf 79' lang='lat' dir='ltr'>ipse</span> <span class='ocrx_word' id='word_1_152' title='bbox 643 1211 696 1244; x_wconf 86' lang='lat' dir='ltr'>se,</span> <span class='ocrx_word' id='word_1_153' title='bbox 711 1198 792 1244; x_wconf 82' lang='lat' dir='ltr'>vix,</span> <span class='ocrx_word' id='word_1_154' title='bbox 809 1198 874 1236; x_wconf 87' lang='lat' dir='ltr'>sed</span> <span class='ocrx_word' id='word_1_155' title='bbox 888 1197 1038 1248; x_wconf 81' lang='lat' dir='ltr'>collegit</span> <span class='ocrx_word' id='word_1_156' title='bbox 1050 1205 1194 1244; x_wconf 75' lang='lat' dir='ltr'>tamen,</span> 
     </span>
     <span class='ocr_line' id='line_1_22' title="bbox 73 1250 1196 1302; baseline 0 -14"><span class='ocrx_word' id='word_1_157' title='bbox 73 1257 112 1288; x_wconf 78' lang='lat' dir='ltr'>et</span> <span class='ocrx_word' id='word_1_158' title='bbox 129 1258 260 1288; x_wconf 81' lang='lat' dir='ltr'>contra</span> <span class='ocrx_word' id='word_1_159' title='bbox 288 1263 402 1288; x_wconf 88' lang='lat' dir='ltr'>suum</span> <span class='ocrx_word' id='word_1_160' title='bbox 420 1251 616 1299; x_wconf 82' lang='lat' dir='ltr'>Clodium,</span> <span class='ocrx_word' id='word_1_161' title='bbox 636 1252 807 1302; x_wconf 88' lang='lat' dir='ltr'>primum</span> <span class='ocrx_word' id='word_1_162' title='bbox 837 1251 1030 1295; x_wconf 63' lang='lat' dir='ltr'>simulate,</span> <span class='ocrx_word' id='word_1_163' title='bbox 1059 1250 1196 1288; x_wconf 82' lang='lat' dir='ltr'>deinde</span> 
     </span>
     <span class='ocr_line' id='line_1_23' title="bbox 75 1303 1195 1355; baseline 0 -14"><span class='ocrx_word' id='word_1_164' title='bbox 75 1315 152 1341; x_wconf 79' lang='lat' dir='ltr'>non</span> <span class='ocrx_word' id='word_1_165' title='bbox 172 1303 347 1350; x_wconf 79' lang='lat' dir='ltr'>libenter,</span> <span class='ocrx_word' id='word_1_166' title='bbox 372 1304 420 1342; x_wconf 88' lang='lat' dir='ltr'>ad</span> <span class='ocrx_word' id='word_1_167' title='bbox 439 1312 655 1343; x_wconf 84' lang='lat' dir='ltr'>extremum</span> <span class='ocrx_word' id='word_1_168' title='bbox 674 1313 803 1342; x_wconf 82' lang='lat' dir='ltr'>tamen</span> <span class='ocrx_word' id='word_1_169' title='bbox 821 1317 892 1355; x_wconf 90' lang='lat' dir='ltr'>pro</span> <span class='ocrx_word' id='word_1_170' title='bbox 910 1304 983 1342; x_wconf 91' lang='lat' dir='ltr'>Cn.</span> <span class='ocrx_word' id='word_1_171' title='bbox 1008 1303 1195 1354; x_wconf 86' lang='lat' dir='ltr'>Pompeio</span> 
     </span>
     <span class='ocr_line' id='line_1_24' title="bbox 74 1357 1194 1410; baseline 0 -16"><span class='ocrx_word' id='word_1_172' title='bbox 74 1369 161 1394; x_wconf 76' lang='lat' dir='ltr'>vere</span> <span class='ocrx_word' id='word_1_173' title='bbox 179 1357 508 1408; x_wconf 87' lang='lat' dir='ltr'>vehementerque,</span> <span class='ocrx_word' id='word_1_174' title='bbox 524 1359 721 1410; x_wconf 83' lang='lat' dir='ltr'>pugnavit.</span> <span class='ocrx_word' id='word_1_175' title='bbox 751 1358 843 1405; x_wconf 90' lang='lat' dir='ltr'>Quo</span> <span class='ocrx_word' id='word_1_176' title='bbox 862 1358 1018 1408; x_wconf 88' lang='lat' dir='ltr'>quidem</span> <span class='ocrx_word' id='word_1_177' title='bbox 1030 1357 1069 1394; x_wconf 89' lang='lat' dir='ltr'>in</span> <span class='ocrx_word' id='word_1_178' title='bbox 1090 1370 1194 1408; x_wconf 86' lang='lat' dir='ltr'>spec-</span> 
     </span>
     <span class='ocr_line' id='line_1_25' title="bbox 74 1410 1194 1463; baseline 0.001 -16"><span class='ocrx_word' id='word_1_179' title='bbox 74 1410 200 1448; x_wconf 78' lang='lat' dir='ltr'>taculo</span> <span class='ocrx_word' id='word_1_180' title='bbox 213 1411 311 1448; x_wconf 79' lang='lat' dir='ltr'>mira</span> <span class='ocrx_word' id='word_1_181' title='bbox 321 1411 456 1462; x_wconf 88' lang='lat' dir='ltr'>populi</span> <span class='ocrx_word' id='word_1_182' title='bbox 468 1411 637 1450; x_wconf 85' lang='lat' dir='ltr'>Romani</span> <span class='ocrx_word' id='word_1_183' title='bbox 652 1411 810 1463; x_wconf 77' lang='lat' dir='ltr'>aequitas</span> <span class='ocrx_word' id='word_1_184' title='bbox 824 1419 915 1448; x_wconf 87' lang='lat' dir='ltr'>erat.</span> <span class='ocrx_word' id='word_1_185' title='bbox 945 1411 1042 1449; x_wconf 87' lang='lat' dir='ltr'>Uter</span> <span class='ocrx_word' id='word_1_186' title='bbox 1060 1423 1194 1449; x_wconf 87' lang='lat' dir='ltr'>eorum·</span> 
     </span>
     <span class='ocr_line' id='line_1_26' title="bbox 74 1464 1194 1516; baseline 0.001 -15"><span class='ocrx_word' id='word_1_187' title='bbox 74 1465 248 1514; x_wconf 76' lang='lat' dir='ltr'>perisset,</span> <span class='ocrx_word' id='word_1_188' title='bbox 268 1472 468 1515; x_wconf 85' lang='lat' dir='ltr'>tamquam</span> <span class='ocrx_word' id='word_1_189' title='bbox 485 1465 624 1504; x_wconf 80' lang='lat' dir='ltr'>lanista</span> <span class='ocrx_word' id='word_1_190' title='bbox 646 1466 686 1503; x_wconf 91' lang='lat' dir='ltr'>in</span> <span class='ocrx_word' id='word_1_191' title='bbox 706 1465 892 1514; x_wconf 86' lang='lat' dir='ltr'>ejusmodi</span> <span class='ocrx_word' id='word_1_192' title='bbox 913 1464 1010 1516; x_wconf 85' lang='lat' dir='ltr'>pari,</span> <span class='ocrx_word' id='word_1_193' title='bbox 1040 1465 1194 1502; x_wconf 83' lang='lat' dir='ltr'>lucrum</span> 
     </span>
     <span class='ocr_line' id='line_1_27' title="bbox 72 1517 1192 1570; baseline 0.002 -16"><span class='ocrx_word' id='word_1_194' title='bbox 72 1517 154 1554; x_wconf 86' lang='lat' dir='ltr'>fieri</span> <span class='ocrx_word' id='word_1_195' title='bbox 165 1519 350 1568; x_wconf 87' lang='lat' dir='ltr'>putabat;</span> <span class='ocrx_word' id='word_1_196' title='bbox 370 1518 628 1558; x_wconf 84' lang='lat' dir='ltr'>immortalem</span> <span class='ocrx_word' id='word_1_197' title='bbox 646 1532 734 1558; x_wconf 87' lang='lat' dir='ltr'>vero</span> <span class='ocrx_word' id='word_1_198' title='bbox 753 1526 959 1570; x_wconf 86' lang='lat' dir='ltr'>quaestum,</span> <span class='ocrx_word' id='word_1_199' title='bbox 981 1518 1012 1556; x_wconf 89' lang='lat' dir='ltr'>si</span> <span class='ocrx_word' id='word_1_200' title='bbox 1030 1526 1192 1570; x_wconf 88' lang='lat' dir='ltr'>uterque</span> 
     </span>
     <span class='ocr_line' id='line_1_28' title="bbox 72 1570 275 1609; baseline 0 0"><span class='ocrx_word' id='word_1_201' title='bbox 72 1570 275 1609; x_wconf 75' lang='lat' dir='ltr'>oecidisset.</span> 
     </span>
    </p>

    <p class='ocr_par' dir='ltr' id='par_1_5' title="bbox 65 1624 1191 2161">
     <span class='ocr_line' id='line_1_29' title="bbox 124 1624 1190 1679; baseline 0.001 -16"><span class='ocrx_word' id='word_1_202' title='bbox 124 1624 201 1663; x_wconf 82' lang='lat' dir='ltr'>Sed</span> <span class='ocrx_word' id='word_1_203' title='bbox 217 1625 283 1663; x_wconf 86' lang='lat' dir='ltr'>ille</span> <span class='ocrx_word' id='word_1_204' title='bbox 301 1632 430 1665; x_wconf 81' lang='lat' dir='ltr'>tamen</span> <span class='ocrx_word' id='word_1_205' title='bbox 459 1628 594 1678; x_wconf 84' lang='lat' dir='ltr'>agebat</span> <span class='ocrx_word' id='word_1_206' title='bbox 621 1627 791 1679; x_wconf 81' lang='lat' dir='ltr'>aliquid:</span> <span class='ocrx_word' id='word_1_207' title='bbox 821 1628 1000 1666; x_wconf 79' lang='lat' dir='ltr'>tuebatur</span> <span class='ocrx_word' id='word_1_208' title='bbox 1027 1627 1190 1665; x_wconf 81' lang='lat' dir='ltr'>auctori-</span> 
     </span>
     <span class='ocr_line' id='line_1_30' title="bbox 68 1680 1190 1732; baseline 0.003 -16"><span class='ocrx_word' id='word_1_209' title='bbox 68 1684 186 1717; x_wconf 73' lang='lat' dir='ltr'>tatem</span> <span class='ocrx_word' id='word_1_210' title='bbox 208 1680 352 1718; x_wconf 87' lang='lat' dir='ltr'>summi</span> <span class='ocrx_word' id='word_1_211' title='bbox 376 1680 459 1718; x_wconf 83' lang='lat' dir='ltr'>viri.</span> <span class='ocrx_word' id='word_1_212' title='bbox 488 1681 586 1719; x_wconf 82' lang='lat' dir='ltr'>Erat</span> <span class='ocrx_word' id='word_1_213' title='bbox 606 1681 687 1732; x_wconf 87' lang='lat' dir='ltr'>ipse</span> <span class='ocrx_word' id='word_1_214' title='bbox 712 1681 938 1725; x_wconf 80' lang='lat' dir='ltr'>sceleratus,</span> <span class='ocrx_word' id='word_1_215' title='bbox 927 1694 939 1704; x_wconf 90' lang='lat'><strong>·</strong></span> <span class='ocrx_word' id='word_1_216' title='bbox 969 1688 1048 1719; x_wconf 85' lang='lat' dir='ltr'>erat</span> <span class='ocrx_word' id='word_1_217' title='bbox 1065 1681 1190 1731; x_wconf 83' lang='lat' dir='ltr'>gladi-</span> 
     </span>
     <span class='ocr_line' id='line_1_31' title="bbox 67 1733 1186 1786; baseline 0.003 -16"><span class='ocrx_word' id='word_1_218' title='bbox 67 1738 178 1770; x_wconf 80' lang='lat' dir='ltr'>ator:</span> <span class='ocrx_word' id='word_1_219' title='bbox 205 1745 295 1771; x_wconf 84' lang='lat' dir='ltr'>cum</span> <span class='ocrx_word' id='word_1_220' title='bbox 318 1735 495 1772; x_wconf 84' lang='lat' dir='ltr'>scelerato</span> <span class='ocrx_word' id='word_1_221' title='bbox 515 1742 659 1783; x_wconf 84' lang='lat' dir='ltr'>tamen,</span> <span class='ocrx_word' id='word_1_222' title='bbox 691 1742 729 1772; x_wconf 90' lang='lat' dir='ltr'>et</span> <span class='ocrx_word' id='word_1_223' title='bbox 754 1747 843 1773; x_wconf 87' lang='lat' dir='ltr'>cum</span> <span class='ocrx_word' id='word_1_224' title='bbox 859 1735 944 1786; x_wconf 87' lang='lat' dir='ltr'>pari</span> <span class='ocrx_word' id='word_1_225' title='bbox 962 1733 1186 1786; x_wconf 83' lang='lat' dir='ltr'>gladiatore,</span> 
     </span>
     <span class='ocr_line' id='line_1_32' title="bbox 68 1787 1185 1850; baseline 0.003 -26"><span class='ocrx_word' id='word_1_226' title='bbox 68 1787 278 1836; x_wconf 81' lang='lat' dir='ltr'>pugnabat.</span> <span class='ocrx_word' id='word_1_227' title='bbox 318 1787 400 1835; x_wconf 89' lang='lat' dir='ltr'>Tu,</span> <span class='ocrx_word' id='word_1_228' title='bbox 420 1788 574 1835; x_wconf 81' lang='lat' dir='ltr'>scilicet,</span> <span class='ocrx_word' id='word_1_229' title='bbox 593 1789 710 1827; x_wconf 89' lang='lat' dir='ltr'>homo</span> <span class='ocrx_word' id='word_1_230' title='bbox 734 1789 931 1839; x_wconf 84' lang='lat' dir='ltr'>religiosus</span> <span class='ocrx_word' id='word_1_231' title='bbox 955 1796 993 1826; x_wconf 86' lang='lat' dir='ltr'>et</span> <span class='ocrx_word' id='word_1_232' title='bbox 1020 1797 1185 1850; x_wconf 67' lang='lat' dir='ltr'>sanctus,</span> 
     </span>
     <span class='ocr_line' id='line_1_33' title="bbox 65 1838 1186 1893; baseline 0.004 -17"><span class='ocrx_word' id='word_1_233' title='bbox 65 1838 204 1887; x_wconf 58' lang='lat' dir='ltr'>andus,</span> <span class='ocrx_word' id='word_1_234' title='bbox 219 1840 322 1891; x_wconf 87' lang='lat' dir='ltr'>quod</span> <span class='ocrx_word' id='word_1_235' title='bbox 339 1854 426 1880; x_wconf 85' lang='lat' dir='ltr'>meo</span> <span class='ocrx_word' id='word_1_236' title='bbox 444 1842 629 1893; x_wconf 87' lang='grc'>8311911118</span> <span class='ocrx_word' id='word_1_237' title='bbox 646 1842 687 1879; x_wconf 88' lang='grc'>111</span> <span class='ocrx_word' id='word_1_238' title='bbox 711 1842 886 1893; x_wconf 79' lang='lat' dir='ltr'>pactione</span> <span class='ocrx_word' id='word_1_239' title='bbox 903 1842 1186 1893; x_wconf 76' lang='lat' dir='ltr'>provinciarum</span> 
     </span>
     <span class='ocr_line' id='line_1_34' title="bbox 67 1890 1187 1945; baseline 0.004 -14"><span class='ocrx_word' id='word_1_240' title='bbox 67 1890 199 1940; x_wconf 75' lang='grc'>188138,</span> <span class='ocrx_word' id='word_1_241' title='bbox 217 1893 392 1945; x_wconf 81' lang='lat' dir='ltr'>frangere</span> <span class='ocrx_word' id='word_1_242' title='bbox 415 1896 582 1934; x_wconf 72' lang='lat' dir='ltr'>noluisti.</span> <span class='ocrx_word' id='word_1_243' title='bbox 612 1895 775 1934; x_wconf 86' lang='lat' dir='ltr'>Caverat</span> <span class='ocrx_word' id='word_1_244' title='bbox 792 1896 894 1934; x_wconf 85' lang='lat' dir='ltr'>enim</span> <span class='ocrx_word' id='word_1_245' title='bbox 914 1895 986 1933; x_wconf 90' lang='lat' dir='ltr'>sibi</span> <span class='ocrx_word' id='word_1_246' title='bbox 1000 1896 1066 1934; x_wconf 87' lang='lat' dir='ltr'>ille</span> <span class='ocrx_word' id='word_1_247' title='bbox 1085 1908 1187 1935; x_wconf 84' lang='grc'>8010-</span> 
     </span>
     <span class='ocr_line' id='line_1_35' title="bbox 67 1944 1187 2010; baseline 0.004 -27"><span class='ocrx_word' id='word_1_248' title='bbox 67 1944 146 1983; x_wconf 85' lang='lat' dir='ltr'>rius</span> <span class='ocrx_word' id='word_1_249' title='bbox 164 1946 328 1996; x_wconf 78' lang='lat' dir='ltr'>adulter,</span> <span class='ocrx_word' id='word_1_250' title='bbox 350 1957 410 1997; x_wconf 85' lang='lat' dir='ltr'>ut,</span> <span class='ocrx_word' id='word_1_251' title='bbox 440 1949 472 1988; x_wconf 87' lang='grc'>81</span> <span class='ocrx_word' id='word_1_252' title='bbox 493 1949 565 1988; x_wconf 69' lang='lat' dir='ltr'>tibi</span> <span class='ocrx_word' id='word_1_253' title='bbox 590 1949 838 2010; x_wconf 80' lang='lat' dir='ltr'>provinciam,</span> <span class='ocrx_word' id='word_1_254' title='bbox 859 1949 893 1987; x_wconf 88' lang='grc'>81</span> <span class='ocrx_word' id='word_1_255' title='bbox 910 1950 1187 1996; x_wconf 82' lang='lat' dir='ltr'>exercitum,s1</span> 
     </span>
     <span class='ocr_line' id='line_1_36' title="bbox 66 2000 1185 2055; baseline 0.004 -18"><span class='ocrx_word' id='word_1_256' title='bbox 66 2000 270 2049; x_wconf 77' lang='lat' dir='ltr'>pecuniam</span> <span class='ocrx_word' id='word_1_257' title='bbox 288 2010 457 2053; x_wconf 84' lang='lat' dir='ltr'>ereptam</span> <span class='ocrx_word' id='word_1_258' title='bbox 472 2015 520 2041; x_wconf 81' lang='lat' dir='ltr'>ex</span> <span class='ocrx_word' id='word_1_259' title='bbox 534 2003 753 2055; x_wconf 68' lang='lat' dir='ltr'>reipublicae</span> <span class='ocrx_word' id='word_1_260' title='bbox 770 2002 988 2049; x_wconf 81' lang='lat' dir='ltr'>visceribus,</span> <span class='ocrx_word' id='word_1_261' title='bbox 1008 2002 1185 2052; x_wconf 82' lang='lat' dir='ltr'>dedisset,</span> 
     </span>
     <span class='ocr_line' id='line_1_37' title="bbox 66 2053 1188 2118; baseline 0.004 -28"><span class='ocrx_word' id='word_1_262' title='bbox 66 2053 242 2092; x_wconf 79' lang='lat' dir='ltr'>omnium</span> <span class='ocrx_word' id='word_1_263' title='bbox 268 2067 427 2094; x_wconf 85' lang='lat' dir='ltr'>suorum</span> <span class='ocrx_word' id='word_1_264' title='bbox 451 2057 637 2095; x_wconf 78' lang='lat' dir='ltr'>scelerum</span> <span class='ocrx_word' id='word_1_265' title='bbox 660 2057 805 2095; x_wconf 82' lang='lat' dir='ltr'>socium</span> <span class='ocrx_word' id='word_1_266' title='bbox 832 2064 871 2094; x_wconf 89' lang='lat' dir='ltr'>te</span> <span class='ocrx_word' id='word_1_267' title='bbox 894 2056 1188 2118; x_wconf 79' lang='lat' dir='ltr'>adjutoremque</span> 
     </span>
     <span class='ocr_line' id='line_1_38' title="bbox 66 2108 1191 2168; baseline 0.005 -25"><span class='ocrx_word' id='word_1_268' title='bbox 66 2108 264 2155; x_wconf 83' lang='lat' dir='ltr'>praeberes.</span> <span class='ocrx_word' id='word_1_269' title='bbox 293 2108 475 2168; x_wconf 75' lang='lat' dir='ltr'>Itaque,&#39;</span> <span class='ocrx_word' id='word_1_270' title='bbox 463 2122 511 2147; x_wconf 76' lang='grc'>111</span> <span class='ocrx_word' id='word_1_271' title='bbox 522 2109 590 2149; x_wconf 78' lang='lat' dir='ltr'>illo</span> <span class='ocrx_word' id='word_1_272' title='bbox 607 2111 780 2149; x_wconf 85' lang='lat' dir='ltr'>tumultu</span> <span class='ocrx_word' id='word_1_273' title='bbox 796 2109 908 2148; x_wconf 77' lang='lat' dir='ltr'>fracti</span> <span class='ocrx_word' id='word_1_274' title='bbox 924 2109 1062 2156; x_wconf 47' lang='lat' dir='ltr'>fascem</span> <span class='ocrx_word' id='word_1_275' title='bbox 1090 2111 1191 2149; x_wconf 79' lang='lat' dir='ltr'>ictus</span> 
     </span>
    </p>
   </div>
   <div class='ocr_carea' id='block_1_3' title="bbox 62 2161 1189 2216">
    <p class='ocr_par' dir='ltr' id='par_1_6' title="bbox 62 2161 1189 2216">
     <span class='ocr_line' id='line_1_39' title="bbox 62 2161 1189 2216; baseline 0 -13"><span class='ocrx_word' id='word_1_276' title='bbox 62 2168 171 2209; x_wconf 71' lang='grc'>1988·</span> <span class='ocrx_word' id='word_1_277' title='bbox 200 2161 372 2212; x_wconf 73' lang='lat' dir='ltr'>quotidie</span> <span class='ocrx_word' id='word_1_278' title='bbox 383 2163 479 2211; x_wconf 74' lang='lat' dir='ltr'>tela,</span> <span class='ocrx_word' id='word_1_279' title='bbox 485 2163 646 2216; x_wconf 62' lang='lat' dir='ltr'>lapides,</span> <span class='ocrx_word' id='word_1_280' title='bbox 666 2164 788 2216; x_wconf 78' lang='lat' dir='ltr'>fugae:</span> <span class='ocrx_word' id='word_1_281' title='bbox 808 2162 1064 2214; x_wconf 80' lang='lat' dir='ltr'>deprehensus</span> <span class='ocrx_word' id='word_1_282' title='bbox 1082 2164 1189 2203; x_wconf 87' lang='lat' dir='ltr'>deni-</span> 
     </span>
    </p>
   </div>
  </div>
 </body>
</html>
