1509 2397
454 449 682 490 ORATIO
711 450 808 489 LII.
827 483 830 485 .

342 709 412 758 IN
454 711 525 758 M.
571 708 936 760 ANTONIUM

422 832 652 884 Philippica
682 834 859 871 Decima.

571 960 700 990 -fst-

418 1081 499 1120 AR
505 1081 716 1121 GUMEN
721 1081 864 1122 TUM.

83 1197 211 1233 Aen-
233 1191 375 1244 gratias
394 1190 546 1237 Pansae,
567 1190 673 1242 quia,
694 1189 812 1229 literis
827 1189 890 1229 M.
903 1190 1020 1229 Bruti
1031 1191 1208 1245 acceptis,

83 1255 262 1287 senatum
277 1246 406 1285 statim
425 1244 584 1282 vocavit.
615 1243 806 1292 Queritur
825 1257 915 1283 cum
934 1244 1094 1293 Calene,
1108 1245 1214 1299 quod

83 1309 296 1353 utrumque
315 1301 487 1338 Brutum
507 1311 616 1349 aeque
640 1310 718 1336 non
743 1300 905 1350 probare
923 1299 1110 1349 videatur,
1143 1299 1212 1353 qui

83 1355 365 1408 rempublicam
385 1352 620 1398 defendant;
650 1352 870 1391 Antonium
890 1361 1034 1402 autem,
1056 1354 1124 1405 qui
1143 1368 1212 1406 op-

83 1417 247 1462 pugnet,
266 1410 404 1461 probet
428 1406 532 1444 idem
551 1407 612 1445 vel
630 1406 812 1445 maxime.
844 1407 1133 1446 Commemorat
1151 1413 1210 1455 ea,

86 1478 174 1516 quae
194 1463 255 1501 M.
277 1464 427 1502 Brutus
452 1461 493 1498 in
521 1461 671 1499 Graecia
701 1468 892 1512 gesserat3
924 1470 961 1500 et
984 1463 1032 1500 ab
1052 1475 1095 1500 eo
1114 1461 1214 1500 nihil

84 1518 370 1565 turbulentum,
390 1515 489 1553 nihil
514 1527 592 1553 non
619 1515 714 1553 utile
739 1515 974 1567 reipublicae‚
995 1516 1212 1554 timendum

87 1585 167 1611 esse
198 1571 409 1610 confirmat.
440 1569 598 1619 Suadet,
632 1578 690 1617 ut,
723 1583 810 1622 quae
840 1569 901 1608 M.
922 1570 1072 1608 Brutus
1099 1570 1216 1621 egerit

89 1627 239 1679 privato
258 1625 429 1672 consilio,
450 1623 609 1675 publica
634 1623 857 1662 auctoritate
890 1625 953 1675 (ut
971 1623 1075 1662 idem
1097 1625 1131 1662 ei
1150 1624 1217 1662 tri-

88 1683 245 1731 buatur,
267 1679 373 1732 quod
390 1678 443 1717 D.
465 1678 590 1716 Bruto
609 1685 646 1716 et
662 1677 708 1716 C.
726 1677 885 1726 Caesari)
907 1680 1214 1729 comprobentur.

89 1735 230 1775 Censet
249 1734 380 1782 etiam,
401 1733 453 1782 Q.
479 1732 702 1780 Hortensio,
723 1732 965 1771 Macedoniae
982 1732 1216 1784 proconsuli,

89 1789 159 1841 qui
172 1790 345 1828 Brutum
362 1788 404 1825 in
424 1786 680 1838 comparando
700 1786 867 1825 exercitu
893 1786 1105 1837 adjuverat,
1127 1799 1216 1824 con-

91 1843 322 1882 firmandam
349 1854 429 1881 esse
453 1840 658 1893 provinciae
683 1840 1069 1890 administrationem,
1089 1839 1217 1893 quoad

92 1898 127 1939 ei
147 1911 196 1937 ex
213 1895 559 1937 senatus-consulto
577 1907 793 1935 successum
812 1901 919 1935 esset.
