1509 2397
246 63 319 103 114
491 65 605 106 PRO
636 65 881 106 MILONE.
913 67 1018 106 CAP.
1049 68 1114 107 34.

249 174 322 211 bus
341 173 429 212 Sex.
447 173 582 214 Clodio
600 175 710 222 duce,
730 175 874 213 curiam
893 175 1123 214 incenderit.
1114 177 1131 201 ⁹
1161 174 1253 223 Quo
1271 173 1366 227 quid

253 227 443 275 miserius,
464 228 558 280 quid
588 229 771 276 acerbius,
803 228 897 279 quid
921 229 1145 274 luctuosius,
1171 228 1370 267 vidimus?

254 280 468 333 'lemplum
487 283 708 329 sanctitatis,
732 282 1012 334 amplitudinis,
1042 282 1195 330 mentis,
1226 282 1372 322 consilii

252 335 411 395 publici,
422 344 535 386 caput
545 335 682 385 [1111115,
689 338 704 388 ]
715 350 818 374 aram
828 337 1029 382 sociorum,
1039 344 1192 386 portum
1201 336 1375 375 omnium

255 389 443 439 gentium,
459 390 588 427 sedem
607 392 654 428 ab
675 391 848 428 universo
867 390 1010 441 populo
1029 391 1208 428 Romano
1223 401 1374 428 conces-

257 455 340 480 sam
359 442 426 479 11111
446 444 582 490 ordini,
602 444 846 504 inflammari,
869 443 1049 491 exscindi,
1065 443 1273 481 funestari!
1304 455 1373 480 118,

259 509 336 547 que
352 496 393 533 id
411 496 491 535 fieri
506 511 529 534 a
547 497 793 535 multitudine
811 497 989 548 imperita
1008 500 1262 557 (quamquam
1277 503 1376 534 esset

258 550 443 588 miserum
461 550 502 588 id
519 551 680 602 ipsum),
706 550 771 589 sed
797 553 844 588 ab
864 564 963 596 1111ος
995 551 1076 601 qui,
1107 563 1195 589 cum
1220 557 1374 588 tantum

258 616 373 643 ausus
392 604 440 642 sit
458 613 561 642 ustor
580 618 648 656 pro
659 613 825 651 mortuo,
839 604 932 655 quid
948 604 1102 655 signifer
1119 617 1188 654 pro
1200 604 1286 642 vivo
1297 616 1375 641 non

261 664 356 696 esset
373 670 488 696 ausus
503 661 519 697 ,³
550 658 599 696 In
619 658 763 696 curiam
782 659 1025 709 potissimum
1049 657 1200 707 abjecit,
1227 664 1272 695 ut
1289 669 1375 695 eam

260 719 436 749 mortuus
454 712 682 756 incenderet,
703 724 822 763 quam
840 712 948 749 vivus
967 717 1160 749 everterat.

316 765 372 803 Et
390 773 492 813 sunt,
514 766 581 817 qui
599 765 646 803 de
665 765 727 803 via
751 765 885 816 Appia
907 772 1128 815 querantur,
1159 771 1307 803 taceant
1330 764 1379 802 de

264 818 400 856 curia?
432 826 469 857 et
493 820 561 870 qui
579 821 627 857 ab
655 831 698 857 eo
728 819 893 870 spirante
914 820 1041 856 forum
1059 825 1196 869 putent
1214 818 1380 869 potuisse

264 871 430 919 defendi,
462 875 571 922 cujus
596 885 674 910 non
703 873 878 911 restiterit
902 873 1074 911 cadaveri
1096 872 1200 910 curia
1216 875 1233 910 Ρ
1261 871 1380 910 Exci-

265 933 356 974 tate,
377 926 536 965 excitate
555 939 659 973 eum,
681 926 712 964 si
738 926 910 987 potestis,
937 928 985 964 ab
1003 925 1144 963 inferis.
1181 925 1382 976 Frangetis

265 979 455 1040 impetum
474 980 564 1026 vivi,
585 981 694 1040 cujus
713 981 777 1017 vix
808 980 1000 1018 sustinetis
1027 979 1147 1017 furias
1168 979 1381 1040 insepulti?

267 1033 343 1070 nisi
362 1046 449 1071 vero
465 1033 692 1072 sustinuistis
708 1046 784 1081 eos,
805 1034 873 1084 qui
899 1046 988 1072 cum
1006 1033 1152 1071 facibus
1170 1033 1219 1070 ad
1237 1032 1382 1071 curiam

269 1095 528 1134 cucurrerunt,
556 1100 645 1125 cum
667 1087 828 1125 falcibus
857 1087 906 1125 ad
935 1086 1115 1133 Castoris,
1140 1099 1228 1124 cum
1246 1086 1382 1137 gladiis

268 1148 349 1178 toto
367 1140 448 1178 foro
467 1141 685 1179 volitarunt.
727 1140 833 1178 Caedi
858 1141 1004 1179 vidistis
1029 1140 1218 1192 populum
1237 1141 1384 1178 Roma-

268 1206 380 1242 num,
396 1194 614 1233 concionem
632 1193 768 1245 gladiis
782 1194 999 1241 disturbari,
1013 1206 1101 1231 cum
1121 1193 1315 1232 audiretur
1334 1193 1385 1231 si-

270 1248 388 1286 lentio
408 1248 468 1285 M.
491 1248 648 1295 Coelius,
665 1249 840 1285 tribunus
853 1248 988 1298 plebis,
1002 1247 1060 1285 vir
1074 1255 1112 1285 et
1122 1247 1163 1285 in
1177 1261 1217 1285 re
1230 1245 1385 1299 publica

269 1300 513 1349 fortissimus,
531 1310 567 1340 et
577 1302 617 1339 in
633 1302 807 1352 suscepta
819 1302 932 1339 causa
946 1300 1199 1349 firmissimus,
1216 1308 1253 1340 et
1266 1302 1385 1339 bono-

270 1367 359 1393 rum
374 1356 561 1394 voluntati
579 1363 615 1393 et
630 1355 843 1393 auctoritati
855 1358 1005 1393 senatus
1017 1354 1182 1401 deditus,
1196 1362 1246 1401 et,
1260 1354 1301 1392 in
1315 1354 1388 1393 hac

273 1408 436 1447 Milonis
454 1410 531 1448 sive
549 1409 693 1447 invidia
712 1409 789 1447 sive
806 1409 960 1447 fortuna
983 1408 1181 1459 singulari,
1201 1408 1332 1447 divina
1349 1415 1386 1446 et

271 1461 483 1501 incredibili
500 1463 586 1502 fide.

329 1516 532 1555 XXXIV.
562 1518 638 1556 Sed
664 1519 747 1568 jam
777 1518 866 1557 satis
886 1518 1012 1556 multa
1039 1517 1087 1556 de
1112 1516 1249 1557 causa:
1280 1523 1387 1555 extra

273 1581 428 1608 causam
448 1571 563 1609 etiam
581 1572 695 1610 nimis
713 1573 870 1610 fortasse
881 1572 1016 1609 multa.
1047 1572 1155 1619 Quid
1173 1577 1301 1617 restat,
1313 1569 1387 1608 nisi

273 1631 318 1661 ut
336 1636 440 1662 orem
466 1627 703 1676 obtesterque
728 1639 807 1672 vos,
831 1626 991 1674 judices,
1012 1634 1058 1663 ut
1075 1638 1161 1664 eam
1177 1624 1388 1662 misericor-

273 1676 380 1717 diam
411 1678 585 1716 tribuatis
607 1679 811 1717 fortissimo
840 1680 934 1726 viro,
969 1692 1087 1730 quam
1109 1679 1190 1730 ipse
1219 1689 1295 1715 non
1313 1677 1388 1714 im-

271 1731 424 1781 plorat;
455 1744 539 1782 ego,
571 1733 685 1770 etiam
711 1741 947 1784 repugnante
971 1733 1057 1780 hoc,
1085 1740 1122 1771 et
1149 1731 1334 1783 imploro,
1352 1736 1390 1768 et

272 1797 434 1836 exposco
447 1787 465 1823 ?
495 1786 640 1832 Nolite,
662 1786 706 1832 si,
722 1787 764 1823 in
783 1794 909 1824 nostro
927 1787 1101 1824 omnium
1113 1786 1219 1833 fletu,
1240 1785 1388 1822 nullam

273 1837 486 1890 lacrymam
512 1839 737 1890 adspexistis
766 1840 953 1885 Milonis;
991 1840 1023 1878 si
1059 1840 1210 1877 vultum
1241 1850 1390 1889 semper

273 1892 468 1941 eumdem,
498 1893 531 1932 si
555 1906 698 1942 vocem,
726 1894 757 1932 si
782 1894 1005 1954 orationem,
1037 1893 1211 1932 stabilem
1238 1904 1282 1931 38
1310 1903 1388 1930 11011

272 1953 463 1984 mutatam
482 1946 628 1994 videtis,
648 1947 720 1986 hoc
737 1947 866 1985 minus
885 1947 919 1985 ei
945 1960 1120 1998 parcere.
1151 1954 1266 1997 atque
1284 1944 1389 1983 haud

272 2000 363 2061 scio,
383 2012 434 2038 an
451 2001 576 2037 multo
593 2000 708 2039 etiam
727 2001 775 2039 sit
793 2000 1032 2050 adjuvandus
1050 2000 1183 2051 magis.
1212 1998 1386 2045 Etenim,

271 2053 318 2102 si,
338 2053 380 2091 in
408 2053 641 2105 gladiatoriis
659 2055 812 2105 pugnis,
834 2062 871 2092 et
888 2054 932 2091 111
955 2053 1080 2091 infimi
1098 2053 1245 2105 generis
1263 2051 1389 2090 homi·

273 2119 371 2145 num
390 2107 603 2146 conditione
622 2114 737 2159 atque
762 2108 930 2155 fortuna,
953 2107 1105 2146 timidos
1131 2115 1168 2144 et
1186 2105 1387 2157 511ΡΡ11885,

270 2170 322 2212 et,
355 2170 398 2199 ut
430 2174 490 2200 nv
492 2173 553 2200 ere
581 2161 705 2202 liccat
733 2163 893 2201 obsecra
887 2169 979 2209 1185,
1007 2161 1121 2200 etiam
1151 2160 1270 2199 odisse
1294 2158 1389 2197 sole-
