1509 2397
394 86 734 126 PHILIPPICA
764 86 840 125 XI.
872 85 977 125 CAP.
1008 86 1045 123 6.
1201 86 1279 122 345

159 195 308 234 utinam
327 195 494 233 contenti
505 202 628 233 essent
646 195 654 232 !
677 195 886 233 ferremus:
909 194 978 233 etsi
995 193 1190 232 tolerabile
1203 204 1281 231 non

159 256 240 287 erat
255 263 266 286 ε
296 248 362 287 sed
380 249 531 300 quidvis
547 248 774 300 patiendum
793 248 880 295 fuit,
893 257 939 286 ut
951 248 1024 287 hoc
1043 247 1281 286 teterrimum

159 304 307 342 bellum
324 316 402 342 non
420 303 659 341 haberemus.

216 357 294 395 VI.
324 356 465 405 Quid?
505 356 574 394 ina
599 364 810 395 castrorum
850 356 912 393 M.
940 355 1102 393 Antonii
1132 354 1283 393 lumina

159 423 286 449 nonne
304 419 392 449 ante
405 410 535 449 oculos
549 410 760 462 proponitis
775 413 792 449 ἓ
812 409 985 462 primum
1004 409 1101 447 duos
1120 409 1283 460 collegas

157 465 324 503 Antonii
342 473 379 503 et
397 465 626 513 Dolabellae,
643 465 841 503 Nuculam
861 473 897 502 et
908 464 1138 508 Lentonem,
1160 463 1284 501 Italiae

157 519 339 558 divisores
357 519 442 570 lege
457 519 516 567 ea,
537 532 656 570 quam
676 527 828 557 senatus
849 532 916 570 per
936 517 1015 555 vim
1043 517 1162 555 latam
1178 517 1284 566 judi-

161 574 284 612 cavit:
322 586 489 625 quorum
511 574 606 611 alter
629 580 908 612 commentatus
932 580 987 610 est
1012 571 1165 618 mimos,
1191 572 1285 609 alter

162 628 240 679 egit
258 627 492 678 tragoediam.
515 626 623 674 Quid
636 627 760 665 dicam
773 628 820 665 de
833 627 970 678 Apulo
989 625 1164 663 Domitio
1181 627 1198 663 ἓ
1220 638 1287 663 cu-

159 683 224 731 jus
242 683 344 720 bona
361 681 477 720 modo
495 682 706 733 proscripta
720 681 886 719 vidimus
903 695 913 719 ε
944 688 1050 718 tanta
1067 687 1288 731 procurato-

162 749 252 773 rum
271 743 326 774 est
350 735 594 787 negligentia.
633 737 692 774 At
710 735 772 774 hic
790 748 913 786 nuper
931 734 1066 773 sororis
1085 734 1165 772 filio
1183 733 1288 771 infu-

162 790 220 828 dit
238 802 444 850 venenum,
472 802 550 828 non
579 789 694 828 dedit.
735 790 811 829 Sed
829 802 907 827 non
926 795 1085 840 possunt
1103 800 1180 826 non
1199 801 1289 839 pro-

162 844 250 895 dige
270 844 408 891 vivere,
430 843 498 895 qui
516 852 646 882 nostra
663 845 765 882 bona
784 851 950 895 sperant,
968 855 1057 881 cum
1084 842 1288 881 effundunt

164 912 244 936 sua.
270 898 309 935 V
311 898 411 935 idete
423 898 538 936 etiam
551 898 598 935 P.
612 898 723 936 Decii
735 898 962 945 auctionem,
979 896 1179 935 clarissimi
1191 896 1285 941 viri3

163 952 246 1003 qui,
265 953 458 1001 majorum
477 965 635 990 suorum
654 952 831 1003 exempla
848 964 1092 1003 persequens,
1113 963 1183 1011 pro
1198 951 1290 988 alie-

164 1018 215 1044 no
235 1019 274 1044 se
293 1019 366 1044 aere
384 1005 547 1044 devovit.
576 1006 718 1045 Emtor
740 1014 871 1044 tamen
895 1006 936 1044 in
962 1019 1007 1044 ea
1032 1005 1205 1043 auctione
1229 1005 1290 1042 in-

164 1068 300 1099 ventus
319 1067 374 1099 est
392 1073 518 1098 nemo.
557 1061 772 1099 Hominem
797 1060 1019 1107 ridiculum,
1040 1059 1108 1111 qui
1125 1072 1166 1097 se
1187 1059 1290 1097 exire

165 1128 239 1153 aere
257 1115 381 1153 alieno
399 1122 510 1166 putet
523 1128 647 1166 posse,
669 1128 759 1153 cum
778 1115 918 1153 vendat
935 1114 1071 1152 aliena.

219 1169 327 1207 ¹Nam
355 1169 450 1220 quid
477 1182 548 1220 ego
575 1169 622 1207 de
642 1169 836 1208 Trebellio
865 1169 1022 1207 dicam?
1057 1180 1170 1219 quem
1196 1167 1290 1205 ultae

164 1223 342 1262 videntur
360 1223 489 1261 Furiae
515 1223 772 1262 creditorum:
804 1223 992 1262 vindicem
1016 1223 1119 1260 enim
1139 1221 1291 1259 tabula-

165 1290 255 1315 rum
273 1289 460 1316 novarum
479 1289 619 1316 novam
638 1278 813 1316 tabulam
832 1277 1010 1315 vidimus.
1042 1276 1151 1323 Quid
1170 1275 1217 1313 de
1238 1275 1290 1313 L.

165 1332 310 1370 Planco
325 1333 343 1370 ?
374 1345 490 1383 quem
513 1332 847 1383 praestantissimus
876 1331 982 1378 civis,
1002 1330 1166 1381 Aquila,
1198 1330 1291 1368 Pol-

164 1386 285 1424 lentia
304 1386 468 1437 expulit,
485 1394 522 1424 et
541 1386 698 1438 quidem
718 1399 825 1424 crure
843 1385 985 1424 fracto:
1017 1384 1122 1436 quod
1140 1383 1290 1421 utinam

167 1448 256 1478 ante
274 1439 332 1478 illi
350 1440 557 1489 accidisset,
585 1453 633 1478 ne
651 1441 728 1479 huc
746 1440 867 1478 redire
885 1439 1095 1491 potuisset.
1087 1439 1094 1463 '
1135 1438 1292 1476 Lumen

167 1501 205 1532 et
223 1494 340 1533 decus
364 1494 468 1533 illius
497 1494 683 1533 exercitus
706 1508 765 1546 pae
734 1507 814 1532 ane
836 1494 1015 1546 praeterii,
1046 1493 1091 1531 C.
1110 1492 1291 1531 Annium

168 1548 388 1596 Cimbrum,
402 1548 574 1600 Lysidici
591 1549 731 1611 filium,
746 1548 1000 1600 Lysidicum
990 1561 1049 1599 ips
1033 1560 1119 1585 sum
1136 1545 1293 1596 [Graeco

167 1604 283 1641 ιρι-βο
286 1604 320 1655 ,]
341 1602 526 1655 quoniam
538 1603 668 1642 omnia
678 1604 768 1652 jura
785 1602 981 1649 dissolvit3
1002 1601 1078 1640 11151
1095 1601 1220 1640 forte
1206 1613 1294 1652 jure

159 1657 415 1695 Germanum
434 1656 593 1696 Cimber
611 1657 759 1696 occidit.

224 1711 328 1750 Cum
346 1710 445 1750 hanc
464 1719 500 1749 et
518 1711 636 1761 hujus
655 1711 802 1763 generis
827 1710 976 1762 copiam
996 1718 1144 1749 tantam
1155 1710 1295 1748 habeat

169 1766 382 1813 Antonius,
409 1765 514 1817 quod
534 1766 655 1804 scelus
685 1766 848 1814 omittet,
879 1778 967 1804 cum
988 1765 1192 1804 Dolabella
1211 1771 1297 1802 tan-

169 1821 219 1860 tis
238 1833 277 1858 se
298 1820 544 1858 obstrinxerit
562 1820 786 1871 parricidiis,
814 1819 1060 1871 nequaquam
1078 1819 1163 1870 pari
1181 1819 1297 1856 latro-

172 1887 269 1912 num
291 1887 412 1912 manu
436 1881 472 1912 et
498 1874 642 1925 copi-52?
673 1874 934 1925 Quapropter,
961 1881 1005 1911 ut
1027 1873 1170 1911 invitus
1197 1885 1298 1924 saepe

163 1928 331 1967 dissensi
349 1942 373 1966 a
392 1927 444 1975 Q.
473 1928 600 1976 Fufio,
628 1928 682 1966 ita
702 1942 788 1966 sum
810 1930 891 1977 ejus
921 1927 1117 1966 sententiae
1134 1927 1299 1964 libenter

171 1995 360 2022 assensus.
389 1983 456 2023 Ex
475 1995 552 2034 quo
567 1982 738 2032 judicare
765 1982 923 2028 debetis,
944 1995 1007 2021 me
1026 1994 1103 2020 non
1123 1994 1212 2019 cum
1230 1980 1300 2018 ho-

173 2038 279 2076 mine
292 2037 426 2081 solere,
447 2037 512 2075 sed
531 2050 619 2075 cum
632 2035 759 2083 causa,
776 2037 966 2075 dissidere.
998 2037 1137 2087 Itaque
1148 2047 1226 2073 non
1241 2047 1302 2072 as-

176 2091 316 2130 sentior
334 2091 474 2139 solum,
493 2090 559 2130 sed
575 2091 690 2129 etiam
709 2091 849 2142 gratias
867 2104 939 2141 ago
959 2090 1010 2138 Q.
1028 2089 1153 2129 Fufio.
1188 2088 1303 2126 Dixit

175 2146 280 2184 enim
294 2158 478 2193 severam,
489 2158 660 2197 gravem,
669 2145 865 2196 republica
873 2145 1045 2196 dignam,
1055 2143 1281 2182 sententiam
1290 2157 1302 2180 ι

164 2230 166 2233 ,
174 2199 364 2250 judicavit
381 2199 531 2239 hostem
547 2200 822 2240 Dolabellam:
851 2201 954 2240 bona
971 2200 1054 2250 ejus
1072 2197 1218 2238 censuit
1231 2210 1309 2249 pu-
