1555 2433
354 126 469 166 PRO
497 124 708 166 BALBO.
737 124 843 165 CAP.
876 127 938 165 15.
1154 126 1202 164 15

94 244 311 283 manorum,
330 234 567 282 Insubrium,
588 232 869 281 Helvetiorum,
889 232 1086 285 I'aipidum,
1106 245 1204 272 non-

93 288 289 326 nullorum
316 288 410 326 item
440 301 487 326 ex
518 287 647 326 Gallia
675 288 936 335 barbarorum,
967 299 1131 338 quorum
1161 287 1204 324 in

93 340 294 380 foederibus
312 347 513 392 exceptum
533 348 601 388 est,
621 353 670 379 ne
688 340 774 392 quis
793 353 924 378 eorum
943 353 966 378 a
984 341 1094 379 nobis
1113 341 1206 379 civis

93 394 307 446 recipiatur.
335 394 455 442 Quod
473 394 503 433 si
522 394 691 446 exceptio
709 394 813 441 facit,
832 406 880 432 ne
897 394 1007 432 liceat
1022 408 1035 440 ;
1064 394 1118 432 ibi
1137 407 1204 432 ne-

93 460 194 487 cesse
212 456 267 488 est
283 449 407 497 licere,
427 448 495 486 ubi
512 460 589 486 non
603 456 658 486 est
677 455 891 498 exceptum.
920 448 1001 487 Ubi
1016 456 1070 486 est
1087 448 1205 499 igitur

95 509 297 553 exceptum
314 501 452 540 foedere
467 502 672 550 Gaditano,
687 513 736 540 ne
747 514 864 553 quem
878 502 1044 553 populus
1059 502 1207 540 Roma-

93 566 166 594 nus
181 555 418 594 Gaditanum
435 555 590 606 recipiat
604 555 777 594 civitate?
796 568 1001 606 nusquam.
1030 558 1094 593 Ac
1109 555 1207 593 sicu-

93 608 136 647 bi
153 617 261 657 oeset,
284 610 348 648 lex
364 609 405 647 id
425 609 550 647 Gellia
569 617 605 647 et
624 609 814 657 Cornelia,
844 622 930 659 quae
957 608 1111 647 definite
1136 621 1206 660 po-

93 669 268 702 testatem
285 662 471 715 Pompeio
489 662 681 702 civitatem
704 662 872 701 donandi
889 662 1056 711 dederat,
1078 670 1206 701 sustu-

92 715 208 755 lisset.

146 770 367 822 Exceptum
385 777 454 819 est,
473 770 612 822 inquit,
640 769 671 808 si
690 770 784 822 quid
802 777 1078 809 sacrosanctum
1098 777 1206 809 esset.

94 822 258 874 Ignosco
286 824 370 873 tibi,
401 824 432 862 si
461 837 585 876 neque
614 824 822 862 Poenorum
843 826 932 874 jura
963 824 1075 862 calles
1102 824 1208 867 (reli-

94 889 230 939 queras
244 878 347 916 enim
362 878 551 916 civitatem
569 884 723 925 tuam);
752 890 876 930 neque
890 886 1036 916 nostras
1050 878 1208 928 potuisti

93 930 225 990 leges
214 932 420 983 mspicere3
449 932 541 984 ipsae
559 931 663 970 enim
677 939 713 970 te
732 945 755 970 3
773 932 986 984 cognitione
1004 945 1086 981 3113,
1100 931 1207 981 judi.

92 983 151 1023 cio
167 985 335 1036 publico,
355 986 588 1037 repulerunt.

149 1037 258 1086 Quid
285 1039 360 1078 fuit
388 1040 428 1077 in
456 1039 651 1090 rogatione
680 1039 738 1087 ea,
768 1053 854 1091 quae
879 1039 926 1078 de
955 1038 1206 1090 Pompeio,a

97 1090 224 1130 Gellio
243 1100 280 1131 et
298 1106 321 1131 a
339 1093 506 1131 Lentulo
525 1093 756 1142 consulibus,
782 1094 860 1132 lata
887 1101 957 1141 est,
982 1093 1024 1130 in
1043 1105 1120 1143 quo
1139 1092 1210 1130 ali-

95 1145 191 1197 quid
219 1154 497 1185 sacrosanctum
535 1155 739 1199 exceptum
766 1147 985 1186 videretur?
1025 1146 1206 1184 Primum

98 1199 216 1248 enim,
236 1208 514 1239 sacrosanctum
544 1214 622 1240 esse
642 1201 741 1239 1111111
760 1209 897 1252 potest,
917 1200 991 1239 nisi
1012 1200 1116 1251 quod
1136 1212 1207 1250 po-

95 1253 211 1304 pulus
221 1254 396 1305 plebesve
407 1254 616 1293 sanxisset:
646 1254 782 1293 deinde
796 1254 1004 1293 sanctiones
1019 1253 1209 1292 sacrandae

97 1313 188 1344 sunt
211 1316 279 1344 aut
300 1320 436 1358 genere
464 1308 560 1360 ipso,
585 1315 651 1346 aut
680 1309 926 1347 obtestatione
953 1315 989 1346 et
1018 1319 1209 1346 consecra-

97 1359 200 1398 tione
227 1360 335 1411 legis,
366 1368 433 1399 aut
457 1374 591 1412 poenae,
614 1374 704 1399 cum
726 1370 841 1422 0311111
864 1362 958 1410 ejus,
987 1360 1055 1412 qui
1079 1367 1210 1398 contra

97 1411 203 1460 facit,
223 1422 469 1452 consecratur.
499 1414 607 1462 Quid
623 1414 740 1452 habes
757 1415 874 1465 igitur
892 1415 1013 1453 dicere
1027 1413 1074 1451 de
1089 1412 1210 1450 Gadi-

99 1471 188 1505 tano
199 1466 336 1506 foedere
347 1468 564 1516 ejusmodi?
584 1468 728 1506 Utrum
743 1481 766 1505 a
778 1467 910 1519 capitis
921 1467 1210 1513 consecratione,

98 1531 149 1556 an
166 1520 412 1559 obtestatione
436 1521 542 1571 legis,
570 1529 849 1559 sacrosanctum
875 1534 952 1560 esse
977 1520 1210 1559 confirmas?

97 1572 212 1611 Nihil
229 1574 385 1612 omnino
407 1586 580 1629 unquam
607 1574 655 1612 de
675 1575 747 1612 isto
772 1575 909 1613 foedere
934 1574 982 1612 ad
1004 1574 1208 1634 populum,

97 1625 197 1664 nihil
213 1627 262 1665 ad
284 1628 449 1678 plebem,
470 1625 594 1666 latum
619 1640 697 1666 esse
721 1627 816 1666 dico.
845 1628 908 1666 De
927 1627 1067 1679 quibus
1095 1627 1210 1665 etiam

99 1679 132 1718 si
153 1680 276 1719 latum
301 1689 409 1730 aeset,
436 1680 580 1743 [neque
603 1681 728 1741 legem
760 1693 884 1733 neque
913 1693 1066 1733 poenam
1090 1681 1210 1719 latam

100 1735 215 1785 esse,]
235 1746 283 1772 ne
301 1747 416 1786 quem
440 1736 560 1774 civem
585 1735 862 1786 reciperemus3
891 1743 1020 1773 tamen
1039 1735 1080 1772 id
1099 1741 1209 1782 esset,

100 1787 204 1837 quod
222 1789 388 1839 populus
412 1797 542 1840 postea
560 1788 745 1838 jussisset,
771 1797 925 1835 ratum;
954 1801 1077 1840 neque
1099 1787 1212 1839 quid-

101 1852 219 1891 quam
247 1841 324 1880 illis
355 1842 492 1891 verbis,
523 1844 550 1864 “
564 1843 606 1882 Si
635 1843 729 1893 quid
762 1849 1040 1881 sacrosanctum
1071 1840 1210 1888 esset,’'

102 1905 181 1932 esse
198 1901 399 1946 exceptum
421 1896 621 1934 videretur.
651 1895 714 1934 De
735 1896 810 1944 his,
830 1909 919 1934 cum
941 1909 1017 1948 pop
991 1895 1107 1947 pulus
1130 1895 1212 1933 Ro-

101 1957 240 1986 manus
250 1949 350 1987 1111111
361 1961 533 2001 unquam
549 1949 714 1999 jusserit,
728 1950 940 2001 quidquam
958 1949 1074 1987 audes
1092 1948 1214 1987 dicere

101 2008 378 2041 mosanctum
397 2003 544 2042 fuisse?

158 2053 254 2093 XV.
283 2055 323 2094 N
327 2068 370 2094 ec
394 2070 482 2096 vero
505 2057 587 2097 haec
611 2057 730 2095 oratio
753 2069 839 2095 mea
863 2057 912 2095 ad
939 2054 1215 2095 infirmandum

105 2105 228 2145 foedus
247 2108 538 2159 Gaditanorum,
566 2111 726 2161 judices,
746 2110 932 2162 pertinet.
961 2122 1086 2162 neque
1111 2108 1214 2147 enim

107 2167 164 2198 est
187 2173 334 2211 111311111,
357 2171 487 2203 eontra
509 2165 729 2216 opinionem
757 2164 965 2213 vetustatis,
993 2169 1123 2202 contra
1147 2163 1214 2211 jus

105 2213 249 2266 optime
265 2216 411 2256 meritae
427 2217 601 2269 civitatis,
620 2224 751 2258 contra
768 2217 1030 2257 auctoritatem
1049 2217 1212 2262 senatus,
