1509 2397
481 99 821 140 PHILIPPICA
850 101 927 141 XI.
959 101 1064 141 CAP.
1086 103 1123 140 2.
1275 105 1350 143 341

231 209 294 249 cia
319 208 550 248 meditatur:
580 216 744 248 mortem
769 216 917 248 naturae
941 221 1094 261 poenam
1119 217 1231 262 putat
1259 225 1352 260 esse,

233 263 452 311 iramndiae,
472 270 660 301 tormenta
663 271 799 324 ‘atque
820 264 1044 302 cruciatum.
1073 263 1212 325 Qualis
1236 265 1353 317 igitur

231 317 350 356 hostis
368 317 567 356 habendus
586 326 642 355 est
661 316 707 365 is,
721 331 744 356 a
762 331 840 369 quo
858 318 1012 365 victore,
1033 317 1062 355 si
1079 319 1265 357 cruciatus
1284 322 1352 359 ab·

233 371 296 420 sit,
316 384 420 410 mors
438 371 479 408 in
497 370 670 410 beneficii
688 379 795 422 parte
813 371 1063 409 numeretur?

286 425 346 463 ΙΙ.
385 425 665 474 Quamobrem,
704 431 829 476 patres
865 425 1080 476 conscripti,
1113 438 1353 478 quamquam

230 478 420 518 hortatore
438 491 515 518 non
534 480 665 531 egetis,
687 479 775 531 (ipsi
789 479 892 517 enim
903 479 1028 517 vestra
1042 488 1174 530 sponte
1193 483 1352 520 exarsis-

232 533 280 571 tis
297 533 348 571 ad
365 533 549 572 libertatis
572 532 840 585 recuperandae
862 532 1127 584 cupiditatem)
1155 541 1283 573 tamen
1308 549 1352 575 eo

229 587 376 637 majore
405 587 534 625 animo
562 588 764 638 studioque
791 587 1007 626 libertatem
1038 586 1242 635 defendite,
1274 603 1351 640 quo

227 642 376 691 majora
402 641 596 693 proposita
623 642 731 680 victis
763 641 949 693 supplicia
977 641 1167 679 servitutis
1204 642 1350 682 videtis.

230 695 281 733 In
301 695 472 734 Galliam
493 696 631 734 invasit
654 695 866 757 Antonius,
892 695 933 732 in
951 694 1092 733 Asiam
1117 695 1347 744 Dolabella,
1337 712 1347 721 ·

233 748 274 787 in
293 749 457 788 alienam
475 757 635 801 uterque
653 750 899 801 provinciam.
928 749 1057 787 Alteri
1068 762 1108 788 se
1119 750 1267 788 Brutus
1281 753 1351 790 ob-

226 803 345 854 jecit;
364 803 630 865 impetumque
643 803 817 851 furentis,
839 812 953 855 atque
971 803 1101 841 omnia
1118 803 1295 843 divexare
1314 812 1351 843 et

227 856 389 909 diripere
408 858 608 918 cupientis,
629 858 717 896 vitae
736 871 814 896 suae
831 857 1000 908 periculo
1019 857 1239 908 colligavit3
1261 872 1349 910 pro-

224 923 356 962 gressu
374 911 520 958 arcuit3
542 925 565 950 a
582 911 704 950 reditu
721 911 950 949 refrenavit:
972 911 1135 950 obsideri
1147 925 1186 950 se
1199 925 1347 963 passus,

224 977 274 1003 ex
302 965 466 1017 utraque
484 973 617 1027 parte.
634 965 859 1004 constrinxit
882 965 1115 1004 Antonium.
1162 966 1278 1004 Alter
1304 968 1346 1005 in

222 1018 385 1057 Asiam
374 1019 512 1071 irrupit
522 1019 676 1068 cursim,
693 1020 755 1058 cui
766 1019 806 1057 in
819 1020 971 1071 Syriam
985 1021 1140 1070 patebat
1157 1020 1219 1058 via
1230 1029 1346 1069 certa,

221 1084 348 1124 neque
360 1074 488 1125 longa.
518 1073 627 1122 Quid
640 1087 736 1125 opus
748 1073 837 1122 fuit,
854 1086 943 1112 cum
954 1073 1122 1125 legione.
1113 1076 1130 1101 ⁹
1149 1075 1347 1125 praemisso

222 1125 358 1166 Marso
386 1127 511 1166 nescio
540 1141 617 1179 quo
645 1128 821 1177 Octavio,
851 1128 1028 1166 scelerato
1056 1128 1202 1167 latrone
1229 1136 1345 1181 atque

221 1189 370 1233 egente,
392 1181 459 1233 qui
472 1182 721 1234 popularetur
739 1195 862 1233 agros,
883 1190 1037 1220 vexaret
1054 1184 1182 1230 urbes,
1202 1194 1280 1221 non
1295 1184 1344 1222 ad

222 1248 330 1287 spem
350 1236 622 1274 constituendae
640 1236 695 1274 rei
718 1236 929 1284 familiaris,
959 1249 1078 1296 quam
1100 1243 1227 1275 tenere
1252 1250 1343 1276 eum

218 1301 332 1350 posse
354 1297 509 1341 negant,
543 1289 612 1341 qui
643 1289 947 1338 110111111,(1111111
972 1290 1074 1328 enim
1103 1290 1167 1328 hic
1194 1298 1344 1330 senator

218 1343 373 1394 ignotus
400 1351 472 1392 est)
498 1344 566 1382 sed
592 1344 642 1382 ad
666 1352 890 1395 praesentem
915 1352 1069 1395 pastum
1087 1344 1341 1385 mendicitatis

216 1410 307 1436 suae.
324 1398 558 1437 Consecutus
570 1405 625 1436 est
636 1398 854 1446 Dolabella,
869 1398 979 1436 nulla
993 1398 1206 1450 suspicione
1219 1400 1333 1438 belli:

212 1451 302 1513 quis
321 1452 424 1490 enim
441 1452 483 1490 id
500 1454 682 1504 putaret?
720 1453 869 1492 Secutae
887 1453 1154 1491 collocutiones
1171 1452 1340 1492 familia-

214 1505 375 1545 1153111131
401 1519 491 1544 011111
510 1506 729 1553 Trebonio3
760 1507 1059 1568 complexusque
1086 1519 1250 1545 summae
1273 1509 1339 1546 be-

214 1560 440 1599 nevolentiae
453 1561 540 1599 falsi
554 1560 696 1599 indices
708 1561 934 1599 exstiterunt
944 1560 984 1598 in
998 1574 1128 1599 amore
1142 1561 1335 1601 simulato:

213 1613 372 1662 dextrae,
400 1629 487 1667 quae
515 1615 604 1653 fidei
630 1622 740 1653 testes
758 1628 837 1654 esse
862 1615 1048 1664 solebant,
1068 1615 1228 1667 perfidia
1247 1624 1337 1656 sunt

211 1674 253 1706 et
282 1669 419 1707 scelere
448 1669 624 1708 violatae·
665 1676 874 1708 nocturnus
905 1669 1082 1708 introitus
1111 1670 1334 1721 Smyrnam,

212 1723 324 1773 quasi
340 1723 381 1761 in
399 1722 569 1762 hostium
588 1724 751 1770 urbem;
772 1737 859 1776 quae
874 1732 929 1761 est
942 1723 1251 1762 fidelissimorum
1268 1737 1336 1763 an-

209 1775 592 1837 tiquissimorumque
620 1777 832 1817 sociorum:
863 1791 1062 1829 oppressus
1088 1778 1332 1825 Trebonius3

210 1829 246 1868 si
263 1838 307 1869 ut
324 1832 373 1870 ab
392 1844 436 1870 eo
450 1832 518 1884 qui
536 1839 664 1883 aperte
681 1832 800 1870 hostis
818 1840 927 1879 esset,
940 1832 1141 1878 incautus3
1171 1832 1205 1870 31
1223 1840 1266 1870 ut
1285 1835 1333 1872 ab

208 1896 258 1923 eo
276 1885 345 1937 qui
363 1885 454 1925 civis
472 1886 588 1924 etiam
613 1894 699 1925 tum
721 1886 885 1938 speciem
907 1886 1076 1935 haberet,
1102 1886 1228 1924 miser.
1266 1886 1332 1926 Ex

208 1951 292 1990 quo
309 1939 494 1978 nimirum
512 1940 787 1979 documentum
801 1953 870 1979 nos
883 1954 1017 1992 capere
1030 1940 1184 1978 fortuna
1195 1941 1331 1989 voluit,

207 1992 307 2044 quid
326 2001 421 2033 esset
438 1994 546 2034 victis
568 1995 906 2034 extimescendum.
937 1995 1186 2034 Consularem
1204 1994 1332 2033 homi-

208 2059 315 2097 nem,
338 2049 562 2088 consulari
551 2049 711 2101 imperio
738 2049 973 2100 provinciam
991 2048 1130 2088 Asiam
1157 2048 1332 2088 obtinen-

207 2108 304 2151 tem,
316 2102 502 2142 Samiario
514 2104 638 2142 exsuli
653 2103 808 2142 tradidit
824 2118 834 2141 :
856 2104 1064 2142 interficere
1082 2110 1236 2155 captum
1256 2110 1332 2142 sta-

207 2155 278 2194 tim
295 2156 433 2205 noluit,
453 2170 502 2196 ne
520 2157 636 2196 nimis
655 2157 799 2206 (credo)
819 2157 858 2195 in
875 2157 1030 2196 victoria
1048 2156 1213 2196 liberalis
1226 2157 1330 2196 vide-

203 2216 318 2249 retur.
355 2210 459 2250 Cum
482 2213 687 2252 verborum
716 2212 954 2252 contumeliis
979 2211 1171 2263 optimum
1201 2211 1328 2252 virum

931 2268 956 2304 2
979 2277 1006 2304 G
1028 2267 1053 2305 3
