1509 2397
391 72 736 114 PHILIPPICA
759 75 811 115 V.
833 76 938 116 CM».
960 78 1000 116 3.
1190 82 1273 121 269

140 190 316 238 parent&
343 184 585 224 eontinentur
598 186 616 223 Ρ
648 186 677 207 “
696 184 803 222 Mihi
820 186 1023 236 pecuniam
1046 188 1263 227 attribuit.”

143 239 268 290 Cupio
282 239 423 287 videre,
444 238 512 290 qui
529 237 570 275 id
588 237 727 276 audeat
745 238 878 277 dicere.
910 241 1018 288 Quid
1031 249 1160 280 autem
1175 257 1266 294 aga-

141 301 219 340 tur,
238 306 327 332 cum
347 305 544 345 aperuero,
560 292 670 330 facile
689 292 759 330 erit
778 300 955 343 statuere,
977 309 1095 346 quam
1116 306 1267 336 senten-

140 347 236 385 tiam
255 347 403 394 dicatis,
425 354 492 385 aut
510 359 626 398 quam
647 347 874 398 sequamini.

195 401 278 440 III.
307 402 468 453 Agitur,
499 409 632 439 utrum
665 401 727 439 M.
757 401 931 441 Antonio
962 403 1121 442 facultas
1155 404 1267 443 detur

71 497 75 500 ,
138 456 400 507 opprimendae
418 455 650 507 reipublicae,
667 455 778 493 caedis
789 455 970 494 faciendae
989 458 1192 503 bonorum,
1207 459 1267 497 di.

138 510 322 562 ripiendae
342 510 473 557 Urbis,
490 522 669 560 agrorum
688 510 766 548 suis
776 510 988 550 latronibus
1008 512 1263 562 condonandi,

137 565 328 616 populum
347 565 574 603 Romanum
604 564 783 602 servitute
815 566 1058 617 opprimendi
1075 580 1086 611 3
1117 579 1165 604 an
1193 567 1266 605 ho-

137 632 227 656 rum
246 619 343 656 nihil
361 619 482 657 facere
501 618 535 656 ei
552 618 674 656 liceat.
705 618 906 667 Dubitate,
929 620 1023 671 quid
1042 621 1173 672 agatis.
1203 622 1266 660 At

135 685 213 711 non
225 673 368 712 cadunt
381 673 463 711 haec
473 673 514 710 in
525 673 757 711 Antonium.
790 673 878 712 Hoc
889 687 937 712 ne
955 673 1094 727 Cotyla
1105 675 1263 727 quidem

138 727 261 766 dicere
283 728 450 766 auderet.
492 726 602 775 Quid
621 727 724 765 enim
750 727 789 764 in
811 741 900 766 eum
919 741 997 767 non
1016 729 1149 768 cadit?
1179 731 1262 781 qui,

137 783 248 832 cujus
266 792 349 820 acta
368 795 407 820 se
426 781 627 820 defendere
641 781 746 829 dicit,
767 783 850 831 ejus
870 796 931 821 eas
942 783 1044 834 leges
1063 784 1260 835 pervertit,

137 849 233 888 quas
250 836 421 874 maxime
431 835 588 874 laudare
599 843 831 886 poteramus.
863 837 936 876 Ille
948 838 1109 889 paludes
1124 838 1264 877 siccare

135 891 256 929 voluit
271 905 281 928 :
311 890 374 928 hic
408 903 564 928 omnem
595 890 751 928 Italiam
789 891 985 930 moderato
1015 892 1178 941 homini,
1211 893 1261 931 L.

133 945 324 992 Antonio,
345 944 590 983 dividendam
610 944 726 982 dedit.
757 944 897 992 Quid?
927 947 1027 984 hanc
1045 947 1172 998 legem
1191 960 1262 998 po-

132 999 250 1051 pulus
275 1000 479 1038 Romanus
508 999 683 1050 accepit?
713 999 838 1051 quid?
876 1013 945 1052 per
977 1001 1145 1053 auspicia
1171 1000 1261 1039 ferri

132 1054 260 1106 potuit
273 1056 291 1093 ἓ
321 1053 397 1092 Sed
426 1067 550 1105 augur
578 1053 814 1092 verecundus
843 1055 923 1093 sine
953 1055 1107 1107 collegi:
1126 1055 1173 1093 de
1191 1069 1262 1093 au-

133 1108 283 1160 spiciis:
315 1121 555 1160 quamquam
574 1108 642 1146 ffla
660 1108 829 1159 auspicia
847 1122 924 1148 non
945 1121 1056 1161 egent
1076 1110 1261 1162 interpre-

131 1163 285 1202 tatione.
315 1163 416 1201 Jove
430 1163 533 1201 enim
549 1170 717 1210 tonante,
738 1176 828 1201 cum
847 1164 991 1215 populo
1011 1164 1072 1215 agi
1092 1177 1169 1202 non
1182 1177 1262 1202 esse

132 1218 205 1265 fas,
222 1217 308 1269 quis
318 1217 500 1268 ignorat?
528 1217 698 1255 Tribuni
716 1218 838 1267 plebis
850 1219 1022 1256 tulerunt
1039 1218 1086 1256 de
1104 1218 1261 1270 provin-

134 1272 214 1321 ciiS,
240 1279 369 1310 contra
387 1279 471 1310 acta
490 1271 666 1317 Caesaris,
695 1269 780 1319 [ifle
798 1272 1013 1319 biennium,
1038 1272 1108 1310 iste
1128 1285 1262 1310 sexen-

131 1327 277 1378 nium.]
309 1326 421 1364 Num
447 1325 563 1364 etiam
589 1326 689 1363 hanc
710 1326 835 1376 legem
861 1327 1028 1378 populus
1057 1327 1263 1364 Romanus

132 1381 277 1433 accepit
287 1381 305 1417 ἱ)
325 1380 434 1429 Quid
448 1383 466 1419 ‚⁹
485 1380 730 1432 promulgata
740 1380 844 1418 fuit?
866 1381 975 1428 Quid
990 1383 1006 1419 Ρ
1027 1393 1154 1418 nonne
1173 1388 1262 1419 ante

132 1437 225 1483 lata,
264 1448 384 1488 quam
415 1435 585 1486 scripta?
626 1446 753 1472 nonne
785 1442 873 1473 ante
902 1435 1044 1473 factam
1076 1434 1259 1484 vidimus,

133 1503 253 1544 quam
272 1491 445 1528 futuram
465 1489 671 1541 quisquam
691 1496 747 1526 est
765 1489 978 1540 suspicatus
991 1492 1009 1528 ?

189 1544 271 1584 Ubi
288 1545 354 1583 lex
373 1544 528 1583 Caecffia
557 1552 594 1582 et
623 1543 773 1582 Didia?
803 1543 872 1582 ubi
898 1543 1172 1595 promulgatio,
1193 1543 1261 1582 tri-

134 1599 355 1640 nundinum
369 1601 387 1638 Ρ
417 1598 486 1637 ubi
512 1611 648 1649 poenae,
678 1598 819 1636 recenti
847 1599 933 1649 lege
951 1598 1076 1637 ,Iunia
1100 1606 1136 1636 et
1154 1597 1264 1637 Lici-

134 1656 232 1695 nia?
263 1654 479 1693 Possuntne
497 1652 558 1691 hae
575 1652 679 1703 leges
707 1659 799 1690 ratae
825 1665 904 1690 esse
930 1652 1011 1691 sine
1028 1652 1185 1691 interitu
1201 1653 1263 1691 le-

136 1723 232 1762 gum
244 1709 481 1761 reliquarum
492 1707 510 1744 ¹?
538 1707 661 1745 Eccui
678 1714 843 1758 potoetas
854 1707 895 1744 in
906 1706 1035 1745 forum
1041 1707 1262 1745 insinuandi

136 1765 211 1803 fuit
224 1766 242 1803 ἒ
271 1763 375 1811 Quae
391 1775 505 1814 porro
523 1761 590 1799 illa
608 1761 802 1799 tonitrua!
833 1775 922 1813 quae
943 1768 1149 1813 tempestas
1169 1761 1178 1799 !
1200 1769 1259 1809 ut,

137 1820 169 1858 si
194 1818 362 1871 auspicia
393 1817 457 1855 Μ.
476 1815 699 1855 Antonium
722 1828 802 1854 non
832 1822 1042 1864 moverent,
1075 1815 1262 1854 sustinere

137 1881 267 1913 tamen
293 1885 384 1911 eum
406 1884 451 1910 ac
475 1871 573 1910 ferre
597 1883 706 1922 posse
724 1877 873 1908 tantam
903 1870 983 1908 vim
1009 1870 1259 1921 tempestatis,

135 1928 284 1977 imbris,
304 1940 348 1966 ac
361 1925 578 1974 turbinum,
598 1925 743 1964 mirum
757 1924 959 1963 videretur.
989 1924 1122 1971 Quam
1134 1924 1260 1975 legem

136 1983 254 2034 igitur
272 1995 311 2020 se
329 1993 453 2032 augur
467 1979 558 2018 dicit
576 1979 720 2027 tulisse,
740 1991 819 2017 non
836 1979 952 2017 modo
972 1985 1127 2016 tonante
1145 1978 1260 2026 Jove,

138 2036 204 2076 sed
221 2049 339 2089 prope
353 2035 494 2074 ooelesti
512 2034 678 2073 clamore
694 2034 934 2085 prohibente,
949 2033 1050 2071 hanc
1068 2031 1261 2071 dubitabit

138 2098 270 2130 eontra
297 2089 465 2142 auspicia
488 2089 607 2127 latam
636 2088 838 2126 confiteri?
869 2086 1009 2134 Quid?
1039 2085 1144 2137 quod
1170 2099 1261 2125 cum

139 2158 183 2185 eo
200 2144 345 2196 collega
362 2143 466 2193 tulit,
486 2155 604 2196 quem
614 2142 696 2195 ipse
713 2142 803 2181 fecit
817 2141 888 2181 sua
900 2140 1138 2232 nun3tiatione
1152 2140 1264 2180 vidos

868 2197 893 2233 2
915 2208 943 2234 A
963 2197 972 2230 :
