1509 2397
237 104 317 142 360
454 102 798 143 PHILIPPICA
826 103 928 143 XII.
958 103 1064 144 CAP.
1095 107 1134 143 5.

233 219 485 264 pugnatorem
505 212 651 263 patriae,
672 212 827 265 reliquit
846 213 1062 252 Antonium
1078 228 1088 252 ε
1119 212 1240 265 pudet
1257 213 1357 265 opti-

232 267 288 304 mi
308 267 506 312 exercitus,
524 267 592 318 qui
611 268 834 317 conjunctus
854 275 909 306 est
923 281 970 306 ex
984 268 1160 314 duobus3
1191 268 1260 319 qui
1274 269 1357 317 jam

232 321 429 368 lustratus,
451 321 519 372 qui
536 321 728 372 profectus
747 322 796 360 ad
819 322 1020 360 Mutinam
1038 330 1118 360 est:
1151 322 1219 373 qui
1238 322 1271 360 si
1288 336 1357 373 pa-

233 374 299 422 cis,
320 374 362 412 id
380 383 450 423 est,
464 375 609 413 timoris
623 376 754 423 nostri,
770 389 911 415 nomen
930 376 1131 425 audiverit,
1147 383 1193 414 ut
1206 388 1284 415 non
1298 390 1359 414 re-

233 429 331 467 ferat
347 429 500 480 pedem,
520 429 668 468 insistet
687 438 799 469 certe.
830 430 938 478 Quid
957 430 1076 478 enim,
1102 439 1301 470 revocante
1319 438 1357 469 et

232 483 401 535 receptui
415 491 571 522 canente
591 492 738 530 senatu,
760 492 936 536 properet
953 484 1134 523 dimicare
1149 488 1166 524 Ρ

289 537 365 576 IV.
397 537 506 585 Quid
525 545 654 575 autem
669 539 741 576 hoc
759 539 953 588 injustius,
967 552 1087 590 quam
1100 551 1184 587 nos,
1196 539 1359 578 inscien-

233 591 338 630 tibus
356 591 402 630 iis
421 592 488 643 qui
506 592 653 630 bellum
673 601 824 643 gerunt,
851 592 898 631 de
917 606 1010 644 pace
1029 593 1260 632 decernere?
1289 607 1360 632 nec

235 646 361 685 solum
373 646 635 693 inscientibus,
653 646 718 684 sed
733 647 847 685 etiam
859 647 987 685 invitis
1002 650 1019 686 Ρ
1041 648 1107 686 An
1118 660 1185 686 vos
1197 649 1248 685 A.
1263 648 1359 686 Hir-

234 697 349 746 tium,
370 701 706 752 praeclarissimum
725 702 935 749 consulem,
961 701 1006 740 C.
1028 701 1233 750 Caesarem,
1253 702 1361 741 Deo-

233 768 323 792 rum
342 754 525 792 beneficio
544 762 679 792 natum
699 755 748 793 ad
774 756 857 794 haec
876 764 1063 807 tempora,
1093 769 1259 808 quorum
1279 757 1360 809 epi-

234 810 362 856 stolas,
384 822 491 860 spem
510 809 675 847 victoriae
693 809 940 858 declarantes,
952 811 993 848 in
1008 823 1128 848 manu
1147 818 1271 857 teneo,
1291 825 1361 863 pa-

235 876 318 901 cem
338 863 434 901 velle
459 863 648 901 censetis?
682 864 842 903 Vincere
863 865 920 902 illi
939 872 1148 917 expetunt:
1178 866 1361 918 pacisque

235 917 501 956 dulcissimum
524 924 562 955 et
580 918 884 968 pulcherrimum
904 931 1058 966 nomen,
1074 931 1152 958 non
1170 920 1358 971 pactione,

237 971 302 1010 sed
321 972 491 1019 victoria,
513 972 797 1024 concupierunt.
829 972 966 1020 Quid?
998 973 1166 1012 Galliam
1183 987 1261 1025 quo
1275 982 1360 1013 tan-

235 1026 324 1065 dem
343 1027 473 1064 animo
492 1025 590 1064 hanc
609 1039 690 1064 rem
710 1027 928 1065 audituram
947 1027 1121 1079 putatis?
1161 1028 1239 1066 Illa
1256 1028 1359 1067 enim

234 1080 354 1130 hujus
379 1080 472 1118 belli
498 1081 761 1132 propulsandi,
793 1080 1359 1131 administrandissustinendi,

236 1135 495 1186 principatum
508 1143 622 1172 tenet.
645 1135 788 1184 Gallia,
804 1136 857 1173 D.
872 1136 987 1174 Bruti
999 1144 1141 1174 nutum
1152 1137 1281 1188 ipsum
1294 1141 1361 1180 (ne

237 1189 377 1235 dicam,
398 1187 624 1240 imperium)
646 1198 787 1238 secuta,
808 1190 938 1237 armis,
951 1190 1055 1238 viris,
1075 1191 1252 1242 pecunia,
1268 1192 1361 1230 belli

236 1242 425 1295 principia
461 1242 654 1281 firmavit:
691 1244 825 1282 eadem
858 1244 1073 1283 crudelitati
1097 1245 1159 1283 M.
1198 1245 1362 1284 Antonii

238 1311 353 1336 suum
385 1305 511 1335 totum
542 1310 678 1350 corpus
710 1298 871 1348 objecit:
908 1299 1148 1347 exhauritur,
1177 1307 1360 1348 vastatur,

235 1352 385 1390 uritur:
416 1364 548 1390 omnffi
579 1365 688 1404 aequo
721 1352 850 1391 animo
886 1353 978 1391 belli
1010 1353 1154 1405 patitur
1184 1353 1359 1404 injurias,

237 1406 448 1444 dummodo
467 1407 626 1457 repellat
644 1406 857 1458 periculum
877 1408 1076 1447 servitutis.
1105 1407 1174 1456 Et,
1188 1416 1233 1447 ut
1246 1409 1360 1447 omit-

237 1470 317 1500 tam
337 1461 502 1512 reliquas
520 1469 645 1512 partes
662 1461 814 1510 Galliae,
837 1463 947 1514 (nam
974 1470 1064 1501 sunt
1080 1475 1213 1501 omnes
1230 1462 1359 1515 paroe)

238 1514 417 1554 Patavini
431 1514 525 1553 alios
544 1516 802 1562 excluserunt,
824 1516 918 1554 alios
937 1518 1142 1566 ejecerunt,
1162 1517 1298 1556 missos
1311 1519 1361 1556 ab

238 1569 435 1608 Antonio:
466 1570 643 1621 pecunia,
663 1569 866 1618 militibus,
897 1579 934 1609 et
965 1571 1089 1623 (quod
1107 1571 1278 1610 maxime
1296 1571 1362 1610 de-

236 1622 335 1673 erat)
356 1623 486 1671 armis,
503 1632 649 1662 nostros
661 1623 774 1662 duces
786 1624 847 1674 adj
853 1633 1028 1664 uverunt.
1058 1625 1247 1664 Fecerunt
1257 1626 1361 1664 idem

234 1677 388 1730 reliqui,
405 1678 472 1729 qui
491 1677 739 1729 quondam'in
760 1679 894 1717 eadem
913 1678 1026 1718 causa
1044 1687 1164 1728 erant,
1178 1688 1230 1729 et,
1245 1693 1361 1732 prop-

236 1740 294 1773 ter
307 1732 520 1770 multorum
535 1744 724 1770 annorum
743 1733 915 1783 injurias,
929 1734 1084 1772 alienati
1102 1748 1126 1773 a
1143 1743 1276 1774 senatu
1288 1748 1362 1787 pu·

236 1788 429 1826 tabantur.
451 1786 561 1834 Quos
574 1787 733 1825 minime
743 1787 887 1825 mirum
900 1795 969 1833 est,
978 1788 1260 1827 communicata
1271 1802 1362 1828 cum

236 1841 297 1879 his
315 1841 526 1892 republica,
546 1840 676 1879 fideles
696 1854 790 1889 esse,
822 1842 905 1894 qui,
929 1842 1045 1881 etiam
1071 1850 1244 1894 expertes
1263 1844 1359 1894 ejus,

235 1895 354 1934 fidem
368 1907 479 1933 suam
493 1907 642 1946 semper
655 1896 924 1946 praestiterunt.

291 1950 345 1988 V.
377 1949 452 1987 His
469 1949 587 1999 igitur
611 1950 792 1989 omnibus
811 1950 1006 1989 victoriam
1030 1951 1268 2002 sperantibus
1292 1965 1362 2004 pa-

237 2004 290 2043 cis
307 2015 448 2041 nomen
467 2003 682 2051 afferemus,
703 2004 743 2042 id
762 2012 831 2051 est,
851 2005 1151 2056 desperationem
1166 2005 1331 2045 victoriae
1342 2006 1362 2043 ⁴?

237 2057 360 2107 Quid,
382 2057 414 2095 si
431 2070 479 2095 ne
498 2065 621 2108 potest
636 2058 793 2109 quidem
812 2059 894 2097 ulla
912 2071 990 2098 esse
1008 2059 1114 2111 pax?
1143 2073 1231 2112 quae
1256 2060 1361 2099 enim

235 2121 293 2151 est
311 2111 478 2150 conditio
496 2111 613 2163 paciS,
634 2112 673 2149 in
694 2113 772 2164 qua
791 2112 840 2160 ei,
869 2125 958 2151 cum
978 2127 1055 2165 quo
1074 2127 1207 2165 pacem
1227 2114 1359 2162 facias,

234 2166 332 2205 nihil
351 2164 505 2204 concedi
523 2173 648 2217 potest
660 2167 678 2203 ¹?
707 2167 849 2205 Multis
861 2169 974 2206 rebus
989 2181 1013 2206 a
1030 2168 1139 2207 nobis
1158 2168 1207 2206 ad
1224 2181 1360 2220 pacem

235 2220 433 2268 invitatus,
455 2220 648 2259 Antonius
665 2222 812 2261 bellum
832 2230 961 2260 tamen
980 2223 1130 2262 maluit.
1173 2222 1288 2263 Missi
1305 2223 1361 2263 le-
