1509 2397
247 96 324 132 344
483 93 822 132 PHILIPPICA
852 92 928 132 XI.
960 93 1068 132 CAP.
1095 95 1134 132 5.

301 201 353 239 V.
382 200 541 239 Etenim
569 201 773 240 Dolabella
795 214 872 240 non
895 201 950 240 ita
970 201 1114 240 multos
1141 213 1270 240 secum
1294 200 1365 240 ha-

248 255 333 294 buit
362 262 471 293 notos
500 264 537 294 et
558 256 725 307 insignes
749 256 913 294 latrones
928 271 940 294 2
970 263 1010 294 at
1032 255 1180 304 videtis,
1210 268 1306 308 quos
1327 263 1366 294 et

249 322 367 361 quam
385 309 529 348 multos
539 310 677 348 habeat
688 310 895 348 Antonius.
925 310 1104 348 Primum
1116 310 1164 348 L.
1178 309 1334 348 fratrem
1349 324 1362 348 ε

248 376 369 415 quam
380 363 502 402 facem
519 365 527 401 !
552 363 638 407 (Dii
652 364 887 402 immortales
904 364 934 412 !)
947 363 1051 415 quod
1063 363 1211 403 facinus
1229 365 1239 402 !
1262 363 1366 415 quod

249 417 394 456 scelus!
435 430 551 469 quem
575 418 766 469 gurgitem
785 418 794 455 !
831 431 950 469 quam
969 418 1188 469 voraginem
1207 418 1217 455 ἔ
1257 417 1368 466 Quid

249 484 340 509 eum
358 483 436 510 non
447 474 594 510 sorbere
606 472 748 519 animo,
765 472 860 523 quid
873 484 950 510 non
963 472 1116 511 haurire
1127 472 1366 524 cogitatione,

250 527 360 575 cujus
379 526 605 577 sanguinem
625 538 701 564 non
720 526 863 574 bibere,
877 526 1034 565 censetis
1046 525 1064 562 ’.θ
1092 526 1134 565 111
1152 527 1262 576 cujus
1280 538 1368 577 pos-

249 580 430 618 sessiones
448 588 563 631 atque
581 580 751 618 fortunas
777 591 854 618 non
871 580 1222 631 impudentissimos
1240 579 1369 618 oculos

248 646 317 685 spe
348 641 386 672 et
408 642 536 672 mente
566 634 761 685 defigere?
792 633 901 682 Quid
919 634 1173 673 Censorinum
1189 636 1207 673 ?
1235 633 1304 686 qui
1328 646 1369 672 se

247 690 363 726 verbo
381 696 580 739 praetorem
593 701 672 726 esse
684 689 878 726 urbanum
891 701 1028 740 cupere
1042 688 1205 736 dicebat,
1217 701 1259 726 re
1270 694 1370 726 certe

247 742 383 780 noluit.
422 741 531 789 Quid
549 742 724 780 Bestiam
741 744 758 781 ἓ
787 742 855 793 qui
874 756 915 782 se
933 743 1175 781 consulatum
1192 742 1234 780 in
1251 740 1368 781 Bruti

247 795 373 834 locum
394 804 520 848 petere
538 796 759 848 profitetur:
791 802 924 848 (atque
941 797 1013 835 hoc
1031 796 1189 848 quidem
1206 796 1368 835 detesta—

248 850 325 888 bile
337 863 449 889 omen
462 858 606 888 avertat
618 851 775 902 Jupiter
790 851 820 896 !)
850 851 982 899 Quam
996 850 1207 890 absurdum
1220 858 1365 899 autem,

247 904 316 955 qui
326 913 420 956 praet
423 917 464 942 or
475 905 556 942 fieri
569 917 644 943 non
656 905 835 956 potuerit,
849 918 938 943 eum
957 913 1084 956 petere
1096 905 1363 943 consulatum!

247 958 321 996 nisi
351 959 448 997 forte
480 958 766 997 damnationem
790 972 859 1010 pro
890 959 1058 1010 praetura
1083 966 1206 1010 putat.
1253 959 1369 998 Alter

248 1011 392 1058 Caesar,
414 1013 602 1073 Vopiscus
620 1013 698 1061 ille,
718 1013 835 1051 homo
854 1026 1006 1052 summo
1024 1013 1192 1064 ingenio,
1211 1013 1369 1052 summa

247 1067 431 1116 potentia,
452 1066 520 1118 qui
545 1080 593 1105 ex
612 1067 790 1105 aedssitate
809 1068 1049 1106 consulatum
1066 1066 1178 1119 petit,
1198 1067 1367 1106 solvatur

247 1120 422 1171 legibus:
454 1134 692 1172 quamquam
709 1122 812 1172 leges
834 1134 924 1160 eum
943 1134 1020 1159 non
1045 1128 1189 1168 tenent,
1213 1129 1368 1173 propter

248 1174 430 1212 eximiam
450 1175 593 1222 (credo)
613 1175 850 1226 dignitatem.
880 1175 936 1214 At
953 1175 1030 1223 hic,
1045 1187 1108 1214 me
1126 1175 1366 1224 defendente,

247 1228 451 1280 quinquies
473 1229 668 1267 absolutus
687 1236 753 1268 est.
782 1229 901 1268 Sexta
918 1230 1049 1282 palma
1065 1231 1228 1278 urbana,
1248 1229 1366 1269 etiam

245 1281 286 1319 in
305 1283 527 1333 gladiatore,
548 1283 724 1322 difficilis.
760 1284 835 1322 Sed
852 1284 934 1323 haec
951 1283 1128 1334 judicum
1140 1284 1267 1335 culpa,
1285 1296 1366 1324 non

245 1348 333 1374 mea
365 1345 432 1375 est.
472 1337 560 1389 Ego
591 1337 744 1376 defendi
764 1338 840 1377 fide
867 1337 1035 1390 optima·
1064 1337 1123 1376 illi
1150 1337 1366 1379 debuerunt

245 1390 497 1429 clarissimum
520 1399 556 1430 et
569 1392 927 1443 praestantissimum
939 1400 1150 1431 senatorem
1160 1392 1201 1429 in
1213 1393 1364 1433 civitate

244 1444 416 1484 retinere.
444 1446 527 1494 Qui
549 1454 677 1485 tamen
700 1459 804 1485 nunc
821 1447 919 1485 1111111
943 1446 1050 1485 aliud
1067 1459 1179 1498 agere
1197 1446 1361 1498 videtur,

244 1498 318 1537 nisi
336 1507 380 1538 ut
398 1500 672 1551 intelligamus,
691 1501 791 1549 illos,
811 1514 976 1553 quorum
994 1514 1053 1540 res
1073 1500 1290 1550 judicatas
1278 1502 1364 1541 1111-

244 1560 301 1591 tas
320 1553 492 1600 fecimus,
509 1557 606 1593 bene
624 1562 662 1594 et
680 1567 701 1594 e
720 1569 760 1594 re
777 1556 933 1607 publica
942 1555 1181 1617 judicavisse.

299 1607 440 1669 Neque
468 1609 540 1648 hoc
570 1609 611 1647 in
641 1610 714 1648 1100
738 1623 816 1648 11110
841 1618 918 1649 est:
950 1616 1039 1648 sunt
1064 1609 1164 1647 3111
1152 1622 1195 1648 111
1215 1609 1359 1650 eisdem

242 1662 372 1700 castris
391 1664 546 1701 honeste
570 1663 824 1711 condemnati,
851 1664 1012 1716 turpiter
1030 1663 1204 1702 restituti.
1240 1663 1360 1712 Quod

241 1714 382 1754 horum
413 1717 628 1766 eonsilium,
667 1718 735 1770 qui
762 1719 940 1757 omnibus
966 1718 1076 1756 bonis
1100 1718 1226 1757 hostes
1252 1726 1357 1768 sunt,

242 1769 316 1808 nisi
335 1771 655 1819 crudelissimum,
671 1772 813 1823 putatis
838 1772 952 1811 fore?
982 1771 1140 1811 Accedit
1154 1772 1270 1821 Saxa,
1290 1785 1359 1812 ne-

242 1823 318 1861 scio
344 1825 445 1876 quis,
472 1828 606 1877 (quem
633 1827 742 1865 1101115
761 1827 888 1866 Caesar
915 1839 964 1865 ex
987 1826 1128 1865 ultima
1149 1826 1359 1868 Celtiberia

241 1877 443 1917 tribunum
474 1880 595 1931 plebis
631 1880 751 1930 dedit)
788 1888 999 1921 castrorum
1033 1888 1145 1920 antea
1179 1887 1356 1932 metator,

240 1943 356 1980 nunc,
376 1941 422 1971 ut
439 1941 576 1985 sperat,
601 1935 742 1974 Urbis:
773 1949 796 1974 a
818 1949 897 1987 qua
920 1948 1010 1975 cum
1037 1935 1085 1974 sit
1108 1935 1268 1984 alienus,
1287 1950 1359 1977 suo

239 1986 388 2100 ἓῖξξῖιῗο,
400 1988 902 2084 Ἢῖἒῃῖῗέἰῑὲᾚᾝ
940 1990 1043 2083 9¹3¹?
1052 1989 1357 2098 ὢῗῃῖἕῗᾞῗ

724 2058 747 2083 v
808 2059 825 2083 r
944 2059 964 2084 e

238 2094 349 2145 quasi
366 2056 503 2147 prsster
520 2096 662 2144 dotem,
684 2111 803 2149 quam
821 2099 862 2137 in
879 2059 1053 2138 ciir'iljffius
1070 2098 1183 2137 malis
1200 2112 1356 2153 accepe-

237 2156 336 2195 rant,
360 2162 498 2202 agrum
527 2151 773 2203 Campanum
801 2161 856 2192 est
880 2153 1041 2205 largitus
1070 2152 1278 2202 Antonius,
1310 2164 1355 2195 ut

235 2184 417 2243 haberent
439 2205 673 2258 reliquorum
700 2208 907 2248 nutriculas
924 2207 1184 2260 praediorum.
1213 2209 1356 2260 quibus
