<?xml version="1.0" encoding="UTF-8"?>
<!DOCTYPE html PUBLIC "-//W3C//DTD XHTML 1.0 Transitional//EN"
    "http://www.w3.org/TR/xhtml1/DTD/xhtml1-transitional.dtd">
<html xmlns="http://www.w3.org/1999/xhtml" xml:lang="en" lang="en">
 <head>
  <title>
</title>
<meta http-equiv="Content-Type" content="text/html;charset=utf-8" />
  <meta name='ocr-system' content='tesseract 3.04.00' />
  <meta name='ocr-capabilities' content='ocr_page ocr_carea ocr_par ocr_line ocrx_word'/>
</head>
<body>
  <div class='ocr_page' id='page_1' title='image "./operaern08ciceuoft_0078.png"; bbox 0 0 1509 2397; ppageno 0'>
   <div class='ocr_carea' id='block_1_1' title="bbox 205 91 1066 132">
    <p class='ocr_par' dir='ltr' id='par_1_1' title="bbox 205 91 1066 132">
     <span class='ocr_line' id='line_1_1' title="bbox 205 91 1066 132; baseline 0.002 -4"><span class='ocrx_word' id='word_1_1' title='bbox 205 91 257 129; x_wconf 77' lang='grc'><strong>64</strong></span> <span class='ocrx_word' id='word_1_2' title='bbox 462 93 528 132; x_wconf 87' lang='lat' dir='ltr'><strong>IN</strong></span> <span class='ocrx_word' id='word_1_3' title='bbox 558 92 834 132; x_wconf 81' lang='lat' dir='ltr'><strong>PISONEM.</strong></span> <span class='ocrx_word' id='word_1_4' title='bbox 866 92 971 132; x_wconf 72' lang='lat' dir='ltr'>CAP.</span> <span class='ocrx_word' id='word_1_5' title='bbox 1000 93 1066 130; x_wconf 84' lang='lat'><strong>35.</strong></span> 
     </span>
    </p>
   </div>
   <div class='ocr_carea' id='block_1_2' title="bbox 189 199 1332 2250">
    <p class='ocr_par' dir='ltr' id='par_1_2' title="bbox 189 199 1332 2075">
     <span class='ocr_line' id='line_1_2' title="bbox 203 199 1322 253; baseline 0.002 -17"><span class='ocrx_word' id='word_1_6' title='bbox 203 199 452 253; x_wconf 86' lang='lat' dir='ltr'><strong>multumque</strong></span> <span class='ocrx_word' id='word_1_7' title='bbox 470 200 726 247; x_wconf 77' lang='lat' dir='ltr'>dubitantem,</span> <span class='ocrx_word' id='word_1_8' title='bbox 746 200 994 249; x_wconf 77' lang='lat' dir='ltr'><strong>confinn&#39;asti,</strong></span> <span class='ocrx_word' id='word_1_9' title='bbox 1014 207 1052 240; x_wconf 84' lang='lat' dir='ltr'><strong>et</strong></span> <span class='ocrx_word' id='word_1_10' title='bbox 1073 199 1322 239; x_wconf 59' lang='lat' dir='ltr'><strong>Thessaloni-</strong></span> 
     </span>
     <span class='ocr_line' id='line_1_3' title="bbox 205 254 1323 308; baseline 0.002 -18"><span class='ocrx_word' id='word_1_11' title='bbox 205 265 291 291; x_wconf 89' lang='lat' dir='ltr'><strong>cam</strong></span> <span class='ocrx_word' id='word_1_12' title='bbox 308 254 383 293; x_wconf 92' lang='lat' dir='ltr'><strong>fide</strong></span> <span class='ocrx_word' id='word_1_13' title='bbox 401 255 470 293; x_wconf 75' lang='lat' dir='ltr'><strong>tua</strong></span> <span class='ocrx_word' id='word_1_14' title='bbox 488 256 615 295; x_wconf 86' lang='lat' dir='ltr'><strong>venire</strong></span> <span class='ocrx_word' id='word_1_15' title='bbox 630 256 799 305; x_wconf 82' lang='lat' dir='ltr'><strong>jussisti:</strong></span> <span class='ocrx_word' id='word_1_16' title='bbox 830 269 947 308; x_wconf 89' lang='lat' dir='ltr'><strong>quem</strong></span> <span class='ocrx_word' id='word_1_17' title='bbox 965 267 1014 293; x_wconf 90' lang='lat' dir='ltr'><strong>ne</strong></span> <span class='ocrx_word' id='word_1_18' title='bbox 1025 255 1217 304; x_wconf 86' lang='lat' dir='ltr'><strong>majorum</strong></span> <span class='ocrx_word' id='word_1_19' title='bbox 1235 254 1323 306; x_wconf 81' lang='lat' dir='ltr'><strong>qui-</strong></span> 
     </span>
     <span class='ocr_line' id='line_1_4' title="bbox 205 306 1323 361; baseline 0.002 -17"><span class='ocrx_word' id='word_1_20' title='bbox 205 306 296 345; x_wconf 90' lang='lat' dir='ltr'><strong>dem</strong></span> <span class='ocrx_word' id='word_1_21' title='bbox 313 321 420 347; x_wconf 92' lang='lat' dir='ltr'><strong>more</strong></span> <span class='ocrx_word' id='word_1_22' title='bbox 438 311 625 361; x_wconf 90' lang='lat' dir='ltr'><strong>supplicio</strong></span> <span class='ocrx_word' id='word_1_23' title='bbox 637 310 805 358; x_wconf 87' lang='lat' dir='ltr'><strong>affecisti,</strong></span> <span class='ocrx_word' id='word_1_24' title='bbox 820 323 909 348; x_wconf 90' lang='lat' dir='ltr'><strong>cum</strong></span> <span class='ocrx_word' id='word_1_25' title='bbox 923 309 1038 347; x_wconf 88' lang='lat' dir='ltr'><strong>miser</strong></span> <span class='ocrx_word' id='word_1_26' title='bbox 1050 309 1116 346; x_wconf 91' lang='lat' dir='ltr'><strong>ille</strong></span> <span class='ocrx_word' id='word_1_27' title='bbox 1129 308 1323 346; x_wconf 78' lang='lat' dir='ltr'><strong>securibus</strong></span> 
     </span>
     <span class='ocr_line' id='line_1_5' title="bbox 205 360 1322 415; baseline 0.002 -17"><span class='ocrx_word' id='word_1_28' title='bbox 205 360 365 413; x_wconf 85' lang='lat' dir='ltr'><strong>hospitis</strong></span> <span class='ocrx_word' id='word_1_29' title='bbox 376 363 436 402; x_wconf 92' lang='lat' dir='ltr'><strong>sui</strong></span> <span class='ocrx_word' id='word_1_30' title='bbox 454 365 613 403; x_wconf 87' lang='lat' dir='ltr'><strong>cervices</strong></span> <span class='ocrx_word' id='word_1_31' title='bbox 628 365 813 414; x_wconf 89' lang='lat' dir='ltr'><strong>subjicere</strong></span> <span class='ocrx_word' id='word_1_32' title='bbox 831 363 983 415; x_wconf 80' lang='lat' dir='ltr'><strong>gestiret</strong></span> <span class='ocrx_word' id='word_1_33' title='bbox 996 377 1007 409; x_wconf 80' lang='lat'><em>3</em></span> <span class='ocrx_word' id='word_1_34' title='bbox 1038 363 1103 401; x_wconf 89' lang='lat' dir='ltr'><strong>sed</strong></span> <span class='ocrx_word' id='word_1_35' title='bbox 1114 363 1149 401; x_wconf 91' lang='lat' dir='ltr'><strong>ei</strong></span> <span class='ocrx_word' id='word_1_36' title='bbox 1160 362 1322 409; x_wconf 79' lang='lat' dir='ltr'><strong>medico,</strong></span> 
     </span>
     <span class='ocr_line' id='line_1_6' title="bbox 206 416 1326 469; baseline 0.001 -16"><span class='ocrx_word' id='word_1_37' title='bbox 206 428 324 466; x_wconf 91' lang='lat' dir='ltr'><strong>quem</strong></span> <span class='ocrx_word' id='word_1_38' title='bbox 343 424 470 455; x_wconf 85' lang='lat' dir='ltr'><strong>tecum</strong></span> <span class='ocrx_word' id='word_1_39' title='bbox 489 418 687 466; x_wconf 82' lang='lat' dir='ltr'><strong>eduxeras,</strong></span> <span class='ocrx_word' id='word_1_40' title='bbox 717 418 928 469; x_wconf 73' lang='lat' dir='ltr'><strong>imperasti,</strong></span> <span class='ocrx_word' id='word_1_41' title='bbox 957 425 1002 455; x_wconf 92' lang='lat' dir='ltr'><strong>ut</strong></span> <span class='ocrx_word' id='word_1_42' title='bbox 1020 429 1135 455; x_wconf 87' lang='lat' dir='ltr'><strong>venas</strong></span> <span class='ocrx_word' id='word_1_43' title='bbox 1157 416 1326 455; x_wconf 84' lang='lat' dir='ltr'><strong>hominis</strong></span> 
     </span>
     <span class='ocr_line' id='line_1_7' title="bbox 206 469 1326 524; baseline 0.001 -17"><span class='ocrx_word' id='word_1_44' title='bbox 206 469 414 517; x_wconf 53' lang='lat' dir='ltr'><strong>inciderem</strong></span> <span class='ocrx_word' id='word_1_45' title='bbox 445 485 536 510; x_wconf 91' lang='lat' dir='ltr'><strong>cum</strong></span> <span class='ocrx_word' id='word_1_46' title='bbox 565 472 722 524; x_wconf 90' lang='lat' dir='ltr'><strong>quidem</strong></span> <span class='ocrx_word' id='word_1_47' title='bbox 746 473 816 510; x_wconf 89' lang='lat' dir='ltr'><strong>tibi</strong></span> <span class='ocrx_word' id='word_1_48' title='bbox 847 471 963 510; x_wconf 86' lang='lat' dir='ltr'><strong>etiam</strong></span> <span class='ocrx_word' id='word_1_49' title='bbox 991 471 1150 510; x_wconf 82' lang='lat' dir='ltr'><strong>accessio</strong></span> <span class='ocrx_word' id='word_1_50' title='bbox 1175 470 1251 508; x_wconf 86' lang='lat' dir='ltr'><strong>fuit</strong></span> <span class='ocrx_word' id='word_1_51' title='bbox 1275 470 1326 508; x_wconf 88' lang='lat' dir='ltr'><strong>ad</strong></span> 
     </span>
     <span class='ocr_line' id='line_1_8' title="bbox 204 523 1328 576; baseline 0.001 -15"><span class='ocrx_word' id='word_1_52' title='bbox 204 535 337 562; x_wconf 88' lang='lat' dir='ltr'>necem</span> <span class='ocrx_word' id='word_1_53' title='bbox 357 525 535 574; x_wconf 89' lang='lat' dir='ltr'><strong>Platoris,</strong></span> <span class='ocrx_word' id='word_1_54' title='bbox 557 527 773 574; x_wconf 79' lang='lat' dir='ltr'><strong>Pleuratus,</strong></span> <span class='ocrx_word' id='word_1_55' title='bbox 795 527 876 576; x_wconf 86' lang='lat' dir='ltr'><strong>ejus</strong></span> <span class='ocrx_word' id='word_1_56' title='bbox 894 538 1033 574; x_wconf 89' lang='lat' dir='ltr'><strong>comes,</strong></span> <span class='ocrx_word' id='word_1_57' title='bbox 1054 538 1171 576; x_wconf 89' lang='lat' dir='ltr'><strong>quem</strong></span> <span class='ocrx_word' id='word_1_58' title='bbox 1186 523 1328 563; x_wconf 76' lang='lat' dir='ltr'><strong>necasti</strong></span> 
     </span>
     <span class='ocr_line' id='line_1_9' title="bbox 206 579 1328 630; baseline 0.001 -15"><span class='ocrx_word' id='word_1_59' title='bbox 206 579 439 628; x_wconf 87' lang='lat' dir='ltr'><strong>verberibus,</strong></span> <span class='ocrx_word' id='word_1_60' title='bbox 455 581 607 618; x_wconf 87' lang='lat' dir='ltr'><strong>summa</strong></span> <span class='ocrx_word' id='word_1_61' title='bbox 621 588 812 618; x_wconf 89' lang='lat' dir='ltr'><strong>senectute</strong></span> <span class='ocrx_word' id='word_1_62' title='bbox 824 579 1051 618; x_wconf 87' lang='lat' dir='ltr'><strong>confectum.</strong></span> <span class='ocrx_word' id='word_1_63' title='bbox 1082 579 1271 630; x_wconf 91' lang='lat' dir='ltr'><strong>Idemque</strong></span> <span class='ocrx_word' id='word_1_64' title='bbox 1285 585 1328 616; x_wconf 86' lang='lat' dir='ltr'><strong>tu</strong></span> 
     </span>
     <span class='ocr_line' id='line_1_10' title="bbox 207 632 1328 686; baseline 0.002 -17"><span class='ocrx_word' id='word_1_65' title='bbox 207 632 491 682; x_wconf 83' lang='lat' dir='ltr'><strong>Rabocentum,</strong></span> <span class='ocrx_word' id='word_1_66' title='bbox 512 635 678 673; x_wconf 87' lang='lat' dir='ltr'><strong>Bessicae</strong></span> <span class='ocrx_word' id='word_1_67' title='bbox 696 634 818 685; x_wconf 89' lang='lat' dir='ltr'><strong>gentis</strong></span> <span class='ocrx_word' id='word_1_68' title='bbox 842 634 1069 686; x_wconf 83' lang='lat' dir='ltr'><strong>principem,</strong></span> <span class='ocrx_word' id='word_1_69' title='bbox 1089 645 1178 672; x_wconf 91' lang='lat' dir='ltr'><strong>cum</strong></span> <span class='ocrx_word' id='word_1_70' title='bbox 1197 641 1235 671; x_wconf 89' lang='lat' dir='ltr'><strong>te</strong></span> <span class='ocrx_word' id='word_1_71' title='bbox 1253 640 1328 671; x_wconf 88' lang='lat' dir='ltr'><strong>tre-</strong></span> 
     </span>
     <span class='ocr_line' id='line_1_11' title="bbox 207 687 1330 740; baseline 0 -16"><span class='ocrx_word' id='word_1_72' title='bbox 207 687 326 725; x_wconf 88' lang='lat' dir='ltr'><strong>centis</strong></span> <span class='ocrx_word' id='word_1_73' title='bbox 345 688 496 726; x_wconf 85' lang='lat' dir='ltr'><strong>talentis</strong></span> <span class='ocrx_word' id='word_1_74' title='bbox 514 689 594 740; x_wconf 87' lang='lat' dir='ltr'><strong>regi</strong></span> <span class='ocrx_word' id='word_1_75' title='bbox 620 690 732 727; x_wconf 92' lang='lat' dir='ltr'><strong>Cotto</strong></span> <span class='ocrx_word' id='word_1_76' title='bbox 750 689 994 733; x_wconf 59' lang='lat' dir='ltr'><strong>vendidisses,</strong></span> <span class='ocrx_word' id='word_1_77' title='bbox 1025 687 1148 726; x_wconf 86' lang='lat' dir='ltr'><strong>securi</strong></span> <span class='ocrx_word' id='word_1_78' title='bbox 1175 699 1330 739; x_wconf 89' lang='lat' dir='ltr'><strong>percus-</strong></span> 
     </span>
     <span class='ocr_line' id='line_1_12' title="bbox 208 740 1328 794; baseline 0.002 -17"><span class='ocrx_word' id='word_1_79' title='bbox 208 740 313 787; x_wconf 86' lang='lat' dir='ltr'><strong>sisti;</strong></span> <span class='ocrx_word' id='word_1_80' title='bbox 345 754 434 780; x_wconf 91' lang='lat' dir='ltr'><strong>cum</strong></span> <span class='ocrx_word' id='word_1_81' title='bbox 453 743 518 780; x_wconf 90' lang='lat' dir='ltr'><strong>ille</strong></span> <span class='ocrx_word' id='word_1_82' title='bbox 537 743 586 780; x_wconf 88' lang='lat' dir='ltr'><strong>ad</strong></span> <span class='ocrx_word' id='word_1_83' title='bbox 603 751 641 781; x_wconf 92' lang='lat' dir='ltr'><strong>te</strong></span> <span class='ocrx_word' id='word_1_84' title='bbox 658 743 806 794; x_wconf 84' lang='lat' dir='ltr'><strong>legatus</strong></span> <span class='ocrx_word' id='word_1_85' title='bbox 824 743 865 780; x_wconf 90' lang='lat' dir='ltr'><strong>in</strong></span> <span class='ocrx_word' id='word_1_86' title='bbox 883 750 1006 780; x_wconf 87' lang='lat' dir='ltr'><strong>castra</strong></span> <span class='ocrx_word' id='word_1_87' title='bbox 1018 742 1193 789; x_wconf 88' lang='lat' dir='ltr'><strong>venisset,</strong></span> <span class='ocrx_word' id='word_1_88' title='bbox 1207 748 1244 779; x_wconf 88' lang='lat' dir='ltr'><strong>et</strong></span> <span class='ocrx_word' id='word_1_89' title='bbox 1257 740 1328 779; x_wconf 90' lang='lat' dir='ltr'><strong>tibi</strong></span> 
     </span>
     <span class='ocr_line' id='line_1_13' title="bbox 189 795 1328 848; baseline 0.001 -16"><span class='ocrx_word' id='word_1_90' title='bbox 189 807 191 809; x_wconf 76' lang='grc'><strong>’</strong></span> <span class='ocrx_word' id='word_1_91' title='bbox 207 807 350 846; x_wconf 89' lang='lat' dir='ltr'><strong>magna</strong></span> <span class='ocrx_word' id='word_1_92' title='bbox 367 797 542 847; x_wconf 81' lang='lat' dir='ltr'><strong>praesidia</strong></span> <span class='ocrx_word' id='word_1_93' title='bbox 561 805 598 835; x_wconf 91' lang='lat' dir='ltr'><strong>et</strong></span> <span class='ocrx_word' id='word_1_94' title='bbox 610 797 755 835; x_wconf 88' lang='lat' dir='ltr'><strong>auxilia</strong></span> <span class='ocrx_word' id='word_1_95' title='bbox 768 811 791 835; x_wconf 89' lang='lat' dir='ltr'><strong>a</strong></span> <span class='ocrx_word' id='word_1_96' title='bbox 805 797 933 834; x_wconf 87' lang='lat' dir='ltr'><strong>Bessis</strong></span> <span class='ocrx_word' id='word_1_97' title='bbox 947 796 1121 848; x_wconf 83' lang='lat' dir='ltr'><strong>peditum</strong></span> <span class='ocrx_word' id='word_1_98' title='bbox 1133 795 1328 847; x_wconf 87' lang='lat' dir='ltr'><strong>equitum-</strong></span> 
     </span>
     <span class='ocr_line' id='line_1_14' title="bbox 208 850 1327 903; baseline 0.001 -17"><span class='ocrx_word' id='word_1_99' title='bbox 208 862 284 899; x_wconf 90' lang='lat' dir='ltr'><strong>que</strong></span> <span class='ocrx_word' id='word_1_100' title='bbox 294 850 535 900; x_wconf 73' lang='lat' dir='ltr'><strong>polliceretur</strong></span> <span class='ocrx_word' id='word_1_101' title='bbox 549 866 558 889; x_wconf 89' lang='lat'>:</span> <span class='ocrx_word' id='word_1_102' title='bbox 580 864 705 903; x_wconf 87' lang='lat' dir='ltr'><strong>neque</strong></span> <span class='ocrx_word' id='word_1_103' title='bbox 718 863 808 889; x_wconf 91' lang='lat' dir='ltr'><strong>eum</strong></span> <span class='ocrx_word' id='word_1_104' title='bbox 820 851 959 899; x_wconf 90' lang='lat' dir='ltr'><strong>solum,</strong></span> <span class='ocrx_word' id='word_1_105' title='bbox 973 850 1038 888; x_wconf 90' lang='lat' dir='ltr'><strong>sed</strong></span> <span class='ocrx_word' id='word_1_106' title='bbox 1046 850 1162 888; x_wconf 79' lang='lat' dir='ltr'><strong>etiam</strong></span> <span class='ocrx_word' id='word_1_107' title='bbox 1173 857 1327 888; x_wconf 84' lang='lat' dir='ltr'><strong>caeteros</strong></span> 
     </span>
     <span class='ocr_line' id='line_1_15' title="bbox 207 902 1328 957; baseline 0.003 -18"><span class='ocrx_word' id='word_1_108' title='bbox 207 902 367 953; x_wconf 84' lang='lat' dir='ltr'><strong>legatos,</strong></span> <span class='ocrx_word' id='word_1_109' title='bbox 387 905 456 956; x_wconf 91' lang='lat' dir='ltr'><strong>qui</strong></span> <span class='ocrx_word' id='word_1_110' title='bbox 474 905 590 943; x_wconf 87' lang='lat' dir='ltr'><strong>simul</strong></span> <span class='ocrx_word' id='word_1_111' title='bbox 609 914 814 948; x_wconf 75' lang='lat' dir='ltr'><strong>venerant:</strong></span> <span class='ocrx_word' id='word_1_112' title='bbox 836 917 1004 957; x_wconf 90' lang='lat' dir='ltr'><strong>quorum</strong></span> <span class='ocrx_word' id='word_1_113' title='bbox 1015 904 1191 942; x_wconf 89' lang='lat' dir='ltr'><strong>omnium</strong></span> <span class='ocrx_word' id='word_1_114' title='bbox 1203 903 1328 955; x_wconf 87' lang='lat' dir='ltr'><strong>capita</strong></span> 
     </span>
     <span class='ocr_line' id='line_1_16' title="bbox 207 957 1329 1009; baseline 0.003 -16"><span class='ocrx_word' id='word_1_115' title='bbox 207 957 289 1007; x_wconf 85' lang='lat' dir='ltr'><strong>regi</strong></span> <span class='ocrx_word' id='word_1_116' title='bbox 309 957 422 996; x_wconf 86' lang='lat' dir='ltr'><strong>Cotto</strong></span> <span class='ocrx_word' id='word_1_117' title='bbox 441 959 655 997; x_wconf 79' lang='lat' dir='ltr'><strong>vendidisti.</strong></span> <span class='ocrx_word' id='word_1_118' title='bbox 685 959 899 997; x_wconf 88' lang='lat' dir='ltr'><strong>Denseletis</strong></span> <span class='ocrx_word' id='word_1_119' title='bbox 918 963 1022 1009; x_wconf 88' lang='lat' dir='ltr'><strong>(quae</strong></span> <span class='ocrx_word' id='word_1_120' title='bbox 1040 958 1158 1005; x_wconf 85' lang='lat' dir='ltr'><strong>natio,</strong></span> <span class='ocrx_word' id='word_1_121' title='bbox 1179 970 1329 1009; x_wconf 88' lang='lat' dir='ltr'><strong>semper</strong></span> 
     </span>
     <span class='ocr_line' id='line_1_17' title="bbox 209 1011 1330 1064; baseline 0.002 -16"><span class='ocrx_word' id='word_1_122' title='bbox 209 1011 389 1050; x_wconf 86' lang='lat' dir='ltr'><strong>obediens</strong></span> <span class='ocrx_word' id='word_1_123' title='bbox 407 1013 498 1051; x_wconf 90' lang='lat' dir='ltr'><strong>huic</strong></span> <span class='ocrx_word' id='word_1_124' title='bbox 516 1014 691 1064; x_wconf 89' lang='lat' dir='ltr'><strong>imperio,</strong></span> <span class='ocrx_word' id='word_1_125' title='bbox 716 1014 832 1052; x_wconf 88' lang='lat' dir='ltr'><strong>etiam</strong></span> <span class='ocrx_word' id='word_1_126' title='bbox 850 1013 891 1050; x_wconf 91' lang='lat' dir='ltr'><strong>in</strong></span> <span class='ocrx_word' id='word_1_127' title='bbox 910 1013 979 1050; x_wconf 76' lang='lat' dir='ltr'><strong>illa</strong></span> <span class='ocrx_word' id='word_1_128' title='bbox 997 1013 1171 1050; x_wconf 90' lang='lat' dir='ltr'><strong>omnium</strong></span> <span class='ocrx_word' id='word_1_129' title='bbox 1191 1013 1330 1050; x_wconf 86' lang='lat' dir='ltr'><strong>barba·</strong></span> 
     </span>
     <span class='ocr_line' id='line_1_18' title="bbox 208 1066 1327 1117; baseline 0.002 -15"><span class='ocrx_word' id='word_1_130' title='bbox 208 1077 341 1103; x_wconf 86' lang='lat' dir='ltr'><strong>rorum</strong></span> <span class='ocrx_word' id='word_1_131' title='bbox 360 1066 568 1106; x_wconf 86' lang='lat' dir='ltr'><strong>defectione</strong></span> <span class='ocrx_word' id='word_1_132' title='bbox 582 1068 627 1105; x_wconf 83' lang='lat' dir='ltr'>M</span> <span class='ocrx_word' id='word_1_133' title='bbox 633 1068 849 1114; x_wconf 77' lang='lat' dir='ltr'><strong>acedonica,</strong></span> <span class='ocrx_word' id='word_1_134' title='bbox 864 1068 909 1106; x_wconf 84' lang='lat' dir='ltr'><strong>C.</strong></span> <span class='ocrx_word' id='word_1_135' title='bbox 923 1066 1100 1105; x_wconf 70' lang='lat' dir='ltr'><strong>Sentium</strong></span> <span class='ocrx_word' id='word_1_136' title='bbox 1112 1075 1327 1117; x_wconf 88' lang='lat' dir='ltr'><strong>praetorem,</strong></span> 
     </span>
     <span class='ocr_line' id='line_1_19' title="bbox 208 1120 1330 1167; baseline 0.003 -12"><span class='ocrx_word' id='word_1_137' title='bbox 208 1122 332 1157; x_wconf 84' lang='lat' dir='ltr'><strong>tutata</strong></span> <span class='ocrx_word' id='word_1_138' title='bbox 350 1129 421 1167; x_wconf 78' lang='lat' dir='ltr'><strong>est)</strong></span> <span class='ocrx_word' id='word_1_139' title='bbox 441 1121 631 1159; x_wconf 87' lang='lat' dir='ltr'><strong>nefarium</strong></span> <span class='ocrx_word' id='word_1_140' title='bbox 650 1122 797 1160; x_wconf 90' lang='lat' dir='ltr'><strong>bellum</strong></span> <span class='ocrx_word' id='word_1_141' title='bbox 816 1130 853 1159; x_wconf 92' lang='lat' dir='ltr'><strong>et</strong></span> <span class='ocrx_word' id='word_1_142' title='bbox 871 1121 1022 1159; x_wconf 83' lang='lat' dir='ltr'><strong>crudele</strong></span> <span class='ocrx_word' id='word_1_143' title='bbox 1035 1120 1199 1158; x_wconf 90' lang='lat' dir='ltr'><strong>intulisti</strong></span> <span class='ocrx_word' id='word_1_144' title='bbox 1215 1135 1225 1158; x_wconf 74' lang='grc' dir='ltr'><strong><em>ε</em></strong></span> <span class='ocrx_word' id='word_1_145' title='bbox 1257 1120 1330 1158; x_wconf 87' lang='lat' dir='ltr'><strong>eis-</strong></span> 
     </span>
     <span class='ocr_line' id='line_1_20' title="bbox 208 1173 1331 1226; baseline 0.002 -16"><span class='ocrx_word' id='word_1_146' title='bbox 208 1185 285 1223; x_wconf 90' lang='lat' dir='ltr'><strong>que</strong></span> <span class='ocrx_word' id='word_1_147' title='bbox 303 1187 392 1212; x_wconf 86' lang='lat' dir='ltr'><strong>cum</strong></span> <span class='ocrx_word' id='word_1_148' title='bbox 411 1175 640 1213; x_wconf 83' lang='lat' dir='ltr'><strong>fidelissimis</strong></span> <span class='ocrx_word' id='word_1_149' title='bbox 670 1176 778 1214; x_wconf 90' lang='lat' dir='ltr'><strong>sociis</strong></span> <span class='ocrx_word' id='word_1_150' title='bbox 807 1175 866 1214; x_wconf 84' lang='lat' dir='ltr'><strong>uti</strong></span> <span class='ocrx_word' id='word_1_151' title='bbox 895 1188 1035 1226; x_wconf 88' lang='lat' dir='ltr'><strong>posses,</strong></span> <span class='ocrx_word' id='word_1_152' title='bbox 1067 1174 1241 1212; x_wconf 88' lang='lat' dir='ltr'><strong>hostibus</strong></span> <span class='ocrx_word' id='word_1_153' title='bbox 1271 1173 1331 1212; x_wconf 85' lang='lat' dir='ltr'><strong>uti</strong></span> 
     </span>
     <span class='ocr_line' id='line_1_21' title="bbox 207 1228 1330 1281; baseline 0.001 -16"><span class='ocrx_word' id='word_1_154' title='bbox 207 1228 399 1266; x_wconf 84' lang='lat' dir='ltr'><strong>acerrimis</strong></span> <span class='ocrx_word' id='word_1_155' title='bbox 417 1230 601 1268; x_wconf 80' lang='lat' dir='ltr'><strong>maluisti.</strong></span> <span class='ocrx_word' id='word_1_156' title='bbox 642 1230 705 1268; x_wconf 90' lang='lat' dir='ltr'><strong>Ita</strong></span> <span class='ocrx_word' id='word_1_157' title='bbox 734 1237 936 1281; x_wconf 89' lang='lat' dir='ltr'><strong>perpetuos</strong></span> <span class='ocrx_word' id='word_1_158' title='bbox 962 1229 1175 1267; x_wconf 81' lang='lat' dir='ltr'><strong>defensores</strong></span> <span class='ocrx_word' id='word_1_159' title='bbox 1194 1228 1330 1266; x_wconf 90' lang='lat' dir='ltr'><strong>Mace-</strong></span> 
     </span>
     <span class='ocr_line' id='line_1_22' title="bbox 207 1280 1332 1334; baseline 0.002 -16"><span class='ocrx_word' id='word_1_160' title='bbox 207 1280 345 1329; x_wconf 85' lang='lat' dir='ltr'><strong>doniae,</strong></span> <span class='ocrx_word' id='word_1_161' title='bbox 378 1292 574 1322; x_wconf 81' lang='lat' dir='ltr'><strong>vexatores</strong></span> <span class='ocrx_word' id='word_1_162' title='bbox 604 1296 647 1322; x_wconf 90' lang='lat' dir='ltr'><strong>ac</strong></span> <span class='ocrx_word' id='word_1_163' title='bbox 672 1284 879 1334; x_wconf 79' lang='lat' dir='ltr'><strong>perditores</strong></span> <span class='ocrx_word' id='word_1_164' title='bbox 912 1282 1077 1321; x_wconf 87' lang='lat' dir='ltr'><strong>effecisti.</strong></span> <span class='ocrx_word' id='word_1_165' title='bbox 1115 1282 1332 1334; x_wconf 82' lang='lat' dir='ltr'><strong>Vectigalia</strong></span> 
     </span>
     <span class='ocr_line' id='line_1_23' title="bbox 207 1337 1329 1388; baseline 0.001 -15"><span class='ocrx_word' id='word_1_166' title='bbox 207 1345 337 1374; x_wconf 88' lang='lat' dir='ltr'><strong>nostra</strong></span> <span class='ocrx_word' id='word_1_167' title='bbox 354 1338 642 1387; x_wconf 73' lang='lat' dir='ltr'><strong>perturbarunt,</strong></span> <span class='ocrx_word' id='word_1_168' title='bbox 658 1339 771 1376; x_wconf 89' lang='lat' dir='ltr'><strong>urbes</strong></span> <span class='ocrx_word' id='word_1_169' title='bbox 783 1344 976 1388; x_wconf 86' lang='lat' dir='ltr'><strong>ceperunt,</strong></span> <span class='ocrx_word' id='word_1_170' title='bbox 993 1337 1193 1375; x_wconf 78' lang='lat' dir='ltr'><strong>vastarunt</strong></span> <span class='ocrx_word' id='word_1_171' title='bbox 1203 1349 1329 1388; x_wconf 85' lang='lat' dir='ltr'><strong>agros,</strong></span> 
     </span>
     <span class='ocr_line' id='line_1_24' title="bbox 210 1390 1332 1437; baseline 0.001 -10"><span class='ocrx_word' id='word_1_172' title='bbox 210 1390 328 1428; x_wconf 88' lang='lat' dir='ltr'><strong>socios</strong></span> <span class='ocrx_word' id='word_1_173' title='bbox 347 1400 493 1429; x_wconf 88' lang='lat' dir='ltr'><strong>nostros</strong></span> <span class='ocrx_word' id='word_1_174' title='bbox 515 1391 556 1429; x_wconf 92' lang='lat' dir='ltr'><strong>in</strong></span> <span class='ocrx_word' id='word_1_175' title='bbox 575 1392 797 1430; x_wconf 81' lang='lat' dir='ltr'><strong>servitutem</strong></span> <span class='ocrx_word' id='word_1_176' title='bbox 812 1391 1070 1437; x_wconf 85' lang='lat' dir='ltr'><strong>abduxerunt,</strong></span> <span class='ocrx_word' id='word_1_177' title='bbox 1086 1390 1251 1428; x_wconf 86' lang='lat' dir='ltr'><strong>familias</strong></span> <span class='ocrx_word' id='word_1_178' title='bbox 1263 1392 1332 1428; x_wconf 87' lang='lat' dir='ltr'><strong>ab·</strong></span> 
     </span>
     <span class='ocr_line' id='line_1_25' title="bbox 206 1443 1332 1497; baseline 0.001 -16"><span class='ocrx_word' id='word_1_179' title='bbox 206 1443 422 1495; x_wconf 87' lang='lat' dir='ltr'><strong>ripuerunt,</strong></span> <span class='ocrx_word' id='word_1_180' title='bbox 442 1459 557 1496; x_wconf 89' lang='lat' dir='ltr'><strong>pecus</strong></span> <span class='ocrx_word' id='word_1_181' title='bbox 582 1447 816 1497; x_wconf 85' lang='lat' dir='ltr'><strong>abegerunt;</strong></span> <span class='ocrx_word' id='word_1_182' title='bbox 846 1445 1217 1494; x_wconf 57' lang='lat' dir='ltr'><strong>Thessalonicenses,</strong></span> <span class='ocrx_word' id='word_1_183' title='bbox 1241 1456 1332 1483; x_wconf 88' lang='lat' dir='ltr'><strong>cum</strong></span> 
     </span>
     <span class='ocr_line' id='line_1_26' title="bbox 208 1498 1193 1550; baseline 0.001 -15"><span class='ocrx_word' id='word_1_184' title='bbox 208 1498 351 1549; x_wconf 89' lang='lat' dir='ltr'><strong>oppido</strong></span> <span class='ocrx_word' id='word_1_185' title='bbox 369 1498 643 1550; x_wconf 68' lang='lat' dir='ltr'><strong>desperassent,</strong></span> <span class='ocrx_word' id='word_1_186' title='bbox 663 1500 815 1538; x_wconf 89' lang='lat' dir='ltr'><strong>munire</strong></span> <span class='ocrx_word' id='word_1_187' title='bbox 833 1512 958 1538; x_wconf 88' lang='lat' dir='ltr'><strong>arcem</strong></span> <span class='ocrx_word' id='word_1_188' title='bbox 976 1503 1193 1550; x_wconf 70' lang='lat' dir='ltr'><strong>coegerunt.</strong></span> 
     </span>
     <span class='ocr_line' id='line_1_27' title="bbox 261 1552 1330 1604; baseline 0.002 -15"><span class='ocrx_word' id='word_1_189' title='bbox 261 1552 442 1591; x_wconf 84' lang='lat' dir='ltr'>XXXV.</span> <span class='ocrx_word' id='word_1_190' title='bbox 477 1554 513 1591; x_wconf 75' lang='lat' dir='ltr'><strong>A</strong></span> <span class='ocrx_word' id='word_1_191' title='bbox 537 1561 574 1592; x_wconf 90' lang='lat' dir='ltr'><strong>te</strong></span> <span class='ocrx_word' id='word_1_192' title='bbox 600 1554 711 1592; x_wconf 83' lang='lat' dir='ltr'><strong>Jovis</strong></span> <span class='ocrx_word' id='word_1_193' title='bbox 735 1554 823 1592; x_wconf 91' lang='lat' dir='ltr'><strong>Urii</strong></span> <span class='ocrx_word' id='word_1_194' title='bbox 851 1553 987 1591; x_wconf 85' lang='lat' dir='ltr'><strong>fanum</strong></span> <span class='ocrx_word' id='word_1_195' title='bbox 1017 1552 1330 1604; x_wconf 75' lang='lat' dir='ltr'><strong>antiquissimum</strong></span> 
     </span>
     <span class='ocr_line' id='line_1_28' title="bbox 206 1606 1330 1659; baseline 0.001 -16"><span class='ocrx_word' id='word_1_196' title='bbox 206 1606 457 1644; x_wconf 85' lang='lat' dir='ltr'><strong>barbarorum</strong></span> <span class='ocrx_word' id='word_1_197' title='bbox 470 1608 829 1659; x_wconf 85' lang='lat' dir='ltr'><strong>sanctissimumque</strong></span> <span class='ocrx_word' id='word_1_198' title='bbox 847 1608 1040 1658; x_wconf 86' lang='lat' dir='ltr'><strong>direptum</strong></span> <span class='ocrx_word' id='word_1_199' title='bbox 1053 1616 1120 1645; x_wconf 85' lang='lat' dir='ltr'><strong>est.</strong></span> <span class='ocrx_word' id='word_1_200' title='bbox 1150 1607 1241 1644; x_wconf 86' lang='lat' dir='ltr'><strong>Tua</strong></span> <span class='ocrx_word' id='word_1_201' title='bbox 1252 1619 1330 1645; x_wconf 89' lang='lat' dir='ltr'><strong>sce-</strong></span> 
     </span>
     <span class='ocr_line' id='line_1_29' title="bbox 206 1659 1328 1712; baseline 0.002 -16"><span class='ocrx_word' id='word_1_202' title='bbox 206 1659 287 1697; x_wconf 89' lang='lat' dir='ltr'><strong>lera</strong></span> <span class='ocrx_word' id='word_1_203' title='bbox 304 1660 374 1697; x_wconf 90' lang='lat' dir='ltr'><strong>Dii</strong></span> <span class='ocrx_word' id='word_1_204' title='bbox 392 1661 626 1700; x_wconf 87' lang='lat' dir='ltr'><strong>immortales</strong></span> <span class='ocrx_word' id='word_1_205' title='bbox 650 1662 691 1699; x_wconf 88' lang='lat' dir='ltr'><strong>in</strong></span> <span class='ocrx_word' id='word_1_206' title='bbox 710 1670 856 1700; x_wconf 86' lang='lat' dir='ltr'><strong>nostros</strong></span> <span class='ocrx_word' id='word_1_207' title='bbox 884 1661 1024 1698; x_wconf 85' lang='lat' dir='ltr'><strong>milites</strong></span> <span class='ocrx_word' id='word_1_208' title='bbox 1051 1661 1328 1712; x_wconf 77' lang='lat' dir='ltr'><strong>expiaverunt3</strong></span> 
     </span>
     <span class='ocr_line' id='line_1_30' title="bbox 207 1714 1332 1766; baseline 0.002 -16"><span class='ocrx_word' id='word_1_209' title='bbox 207 1714 276 1764; x_wconf 89' lang='lat' dir='ltr'><strong>qui</strong></span> <span class='ocrx_word' id='word_1_210' title='bbox 294 1727 384 1751; x_wconf 90' lang='lat' dir='ltr'><strong>cum</strong></span> <span class='ocrx_word' id='word_1_211' title='bbox 404 1727 482 1752; x_wconf 93' lang='lat' dir='ltr'><strong>uno</strong></span> <span class='ocrx_word' id='word_1_212' title='bbox 500 1728 636 1765; x_wconf 88' lang='lat' dir='ltr'><strong>genere</strong></span> <span class='ocrx_word' id='word_1_213' title='bbox 654 1716 779 1754; x_wconf 90' lang='lat' dir='ltr'><strong>morbi</strong></span> <span class='ocrx_word' id='word_1_214' title='bbox 793 1715 1065 1766; x_wconf 84' lang='lat' dir='ltr'><strong>affligerentur,</strong></span> <span class='ocrx_word' id='word_1_215' title='bbox 1080 1727 1204 1766; x_wconf 88' lang='lat' dir='ltr'><strong>neque</strong></span> <span class='ocrx_word' id='word_1_216' title='bbox 1218 1727 1257 1753; x_wconf 91' lang='lat' dir='ltr'><strong>se</strong></span> <span class='ocrx_word' id='word_1_217' title='bbox 1272 1727 1332 1752; x_wconf 90' lang='lat' dir='ltr'><strong>re-</strong></span> 
     </span>
     <span class='ocr_line' id='line_1_31' title="bbox 209 1768 1331 1822; baseline 0.001 -17"><span class='ocrx_word' id='word_1_218' title='bbox 209 1780 334 1806; x_wconf 88' lang='lat' dir='ltr'><strong>creare</strong></span> <span class='ocrx_word' id='word_1_219' title='bbox 353 1768 558 1819; x_wconf 88' lang='lat' dir='ltr'><strong>quisquam</strong></span> <span class='ocrx_word' id='word_1_220' title='bbox 578 1778 715 1820; x_wconf 86' lang='lat' dir='ltr'><strong>posset,</strong></span> <span class='ocrx_word' id='word_1_221' title='bbox 747 1770 816 1822; x_wconf 90' lang='lat' dir='ltr'><strong>qui</strong></span> <span class='ocrx_word' id='word_1_222' title='bbox 834 1769 952 1808; x_wconf 90' lang='lat' dir='ltr'><strong>semel</strong></span> <span class='ocrx_word' id='word_1_223' title='bbox 969 1769 1186 1815; x_wconf 82' lang='lat' dir='ltr'><strong>incidisset3</strong></span> <span class='ocrx_word' id='word_1_224' title='bbox 1217 1769 1331 1807; x_wconf 91' lang='lat' dir='ltr'><strong>dubi-</strong></span> 
     </span>
     <span class='ocr_line' id='line_1_32' title="bbox 208 1822 1331 1875; baseline 0.003 -17"><span class='ocrx_word' id='word_1_225' title='bbox 208 1822 315 1859; x_wconf 83' lang='lat' dir='ltr'><strong>tabat</strong></span> <span class='ocrx_word' id='word_1_226' title='bbox 333 1834 460 1870; x_wconf 87' lang='lat' dir='ltr'><strong>nemo,</strong></span> <span class='ocrx_word' id='word_1_227' title='bbox 482 1823 576 1873; x_wconf 88' lang='lat' dir='ltr'><strong>quin</strong></span> <span class='ocrx_word' id='word_1_228' title='bbox 597 1824 726 1862; x_wconf 83' lang='lat' dir='ltr'><strong>violati</strong></span> <span class='ocrx_word' id='word_1_229' title='bbox 749 1824 931 1875; x_wconf 89' lang='lat' dir='ltr'><strong>hospites,</strong></span> <span class='ocrx_word' id='word_1_230' title='bbox 956 1823 1073 1874; x_wconf 86' lang='lat' dir='ltr'><strong>legati</strong></span> <span class='ocrx_word' id='word_1_231' title='bbox 1097 1823 1236 1871; x_wconf 89' lang='lat' dir='ltr'><strong>necati,</strong></span> <span class='ocrx_word' id='word_1_232' title='bbox 1262 1836 1331 1874; x_wconf 68' lang='lat' dir='ltr'><strong>pa-</strong></span> 
     </span>
     <span class='ocr_line' id='line_1_33' title="bbox 209 1875 1328 1927; baseline 0.002 -14"><span class='ocrx_word' id='word_1_233' title='bbox 209 1875 284 1913; x_wconf 87' lang='lat' dir='ltr'><strong>cati</strong></span> <span class='ocrx_word' id='word_1_234' title='bbox 306 1884 421 1927; x_wconf 77' lang='lat' dir='ltr'><strong>atque</strong></span> <span class='ocrx_word' id='word_1_235' title='bbox 446 1877 536 1914; x_wconf 89' lang='lat' dir='ltr'><strong>socii</strong></span> <span class='ocrx_word' id='word_1_236' title='bbox 562 1878 705 1916; x_wconf 83' lang='lat' dir='ltr'><strong>nefario</strong></span> <span class='ocrx_word' id='word_1_237' title='bbox 734 1879 836 1916; x_wconf 91' lang='lat' dir='ltr'><strong>bello</strong></span> <span class='ocrx_word' id='word_1_238' title='bbox 860 1878 1036 1925; x_wconf 85' lang='lat' dir='ltr'><strong>lacessiti,</strong></span> <span class='ocrx_word' id='word_1_239' title='bbox 1067 1877 1158 1915; x_wconf 84' lang='lat' dir='ltr'><strong>fana</strong></span> <span class='ocrx_word' id='word_1_240' title='bbox 1175 1885 1328 1924; x_wconf 79' lang='lat' dir='ltr'><strong>vexata,</strong></span> 
     </span>
     <span class='ocr_line' id='line_1_34' title="bbox 206 1929 1331 1982; baseline 0.003 -16"><span class='ocrx_word' id='word_1_241' title='bbox 206 1929 307 1966; x_wconf 89' lang='lat' dir='ltr'><strong>hanc</strong></span> <span class='ocrx_word' id='word_1_242' title='bbox 325 1937 473 1968; x_wconf 79' lang='lat' dir='ltr'><strong>tantam</strong></span> <span class='ocrx_word' id='word_1_243' title='bbox 487 1930 676 1969; x_wconf 86' lang='lat' dir='ltr'><strong>efficerent</strong></span> <span class='ocrx_word' id='word_1_244' title='bbox 695 1933 920 1970; x_wconf 84' lang='lat' dir='ltr'><strong>vastitatem.</strong></span> <span class='ocrx_word' id='word_1_245' title='bbox 951 1931 1157 1982; x_wconf 85' lang='lat' dir='ltr'><strong>Cognoscis</strong></span> <span class='ocrx_word' id='word_1_246' title='bbox 1175 1943 1224 1969; x_wconf 87' lang='lat' dir='ltr'><strong>ex</strong></span> <span class='ocrx_word' id='word_1_247' title='bbox 1241 1943 1331 1982; x_wconf 85' lang='lat' dir='ltr'><strong>par-</strong></span> 
     </span>
     <span class='ocr_line' id='line_1_35' title="bbox 208 1983 1329 2036; baseline 0.003 -16"><span class='ocrx_word' id='word_1_248' title='bbox 208 1983 327 2021; x_wconf 80' lang='lat' dir='ltr'><strong>ticula</strong></span> <span class='ocrx_word' id='word_1_249' title='bbox 345 1983 464 2035; x_wconf 78' lang='lat' dir='ltr'><strong>parva</strong></span> <span class='ocrx_word' id='word_1_250' title='bbox 482 1985 667 2022; x_wconf 77' lang='lat' dir='ltr'><strong>scelerum</strong></span> <span class='ocrx_word' id='word_1_251' title='bbox 687 1994 723 2024; x_wconf 90' lang='lat' dir='ltr'><strong>et</strong></span> <span class='ocrx_word' id='word_1_252' title='bbox 741 1985 974 2024; x_wconf 82' lang='lat' dir='ltr'><strong>crudelitatis</strong></span> <span class='ocrx_word' id='word_1_253' title='bbox 998 1994 1076 2023; x_wconf 87' lang='lat' dir='ltr'><strong>tuae</strong></span> <span class='ocrx_word' id='word_1_254' title='bbox 1103 1997 1223 2036; x_wconf 90' lang='lat' dir='ltr'><strong>genus</strong></span> <span class='ocrx_word' id='word_1_255' title='bbox 1242 1985 1329 2023; x_wconf 83' lang='lat' dir='ltr'><strong>uni-</strong></span> 
     </span>
     <span class='ocr_line' id='line_1_36' title="bbox 209 2050 373 2075; baseline 0 0"><span class='ocrx_word' id='word_1_256' title='bbox 209 2050 373 2075; x_wconf 86' lang='lat' dir='ltr'><strong>versum.</strong></span> 
     </span>
    </p>

    <p class='ocr_par' dir='ltr' id='par_1_3' title="bbox 206 2090 1332 2250">
     <span class='ocr_line' id='line_1_37' title="bbox 260 2090 1332 2144; baseline 0.001 -15"><span class='ocrx_word' id='word_1_257' title='bbox 260 2090 369 2139; x_wconf 88' lang='lat' dir='ltr'><strong>Quid</strong></span> <span class='ocrx_word' id='word_1_258' title='bbox 387 2092 569 2140; x_wconf 88' lang='lat' dir='ltr'><strong>avaritiae,</strong></span> <span class='ocrx_word' id='word_1_259' title='bbox 590 2106 677 2144; x_wconf 91' lang='lat' dir='ltr'><strong>quae</strong></span> <span class='ocrx_word' id='word_1_260' title='bbox 701 2094 926 2132; x_wconf 85' lang='lat' dir='ltr'><strong>criminibus</strong></span> <span class='ocrx_word' id='word_1_261' title='bbox 943 2093 1104 2131; x_wconf 87' lang='lat' dir='ltr'><strong>infinitis</strong></span> <span class='ocrx_word' id='word_1_262' title='bbox 1130 2092 1332 2144; x_wconf 87' lang='lat' dir='ltr'><strong>implicata</strong></span> 
     </span>
     <span class='ocr_line' id='line_1_38' title="bbox 210 2147 1332 2198; baseline 0.004 -16"><span class='ocrx_word' id='word_1_263' title='bbox 210 2152 280 2192; x_wconf 89' lang='lat' dir='ltr'><strong>est,</strong></span> <span class='ocrx_word' id='word_1_264' title='bbox 307 2159 502 2184; x_wconf 88' lang='lat' dir='ltr'><strong>summam</strong></span> <span class='ocrx_word' id='word_1_265' title='bbox 530 2159 634 2185; x_wconf 85' lang='lat' dir='ltr'><strong>nunc</strong></span> <span class='ocrx_word' id='word_1_266' title='bbox 660 2148 847 2198; x_wconf 81' lang='lat' dir='ltr'><strong>explicem</strong></span> <span class='ocrx_word' id='word_1_267' title='bbox 862 2151 880 2186; x_wconf 73' lang='grc' dir='ltr'><em>Ρ</em></span> <span class='ocrx_word' id='word_1_268' title='bbox 910 2147 1133 2186; x_wconf 82' lang='lat' dir='ltr'><strong>Generatim</strong></span> <span class='ocrx_word' id='word_1_269' title='bbox 1162 2159 1220 2195; x_wconf 88' lang='lat' dir='ltr'><strong>ea,</strong></span> <span class='ocrx_word' id='word_1_270' title='bbox 1243 2159 1332 2198; x_wconf 86' lang='lat' dir='ltr'><strong>quae</strong></span> 
     </span>
     <span class='ocr_line' id='line_1_39' title="bbox 206 2199 1330 2250; baseline 0.004 -14"><span class='ocrx_word' id='word_1_271' title='bbox 206 2199 376 2238; x_wconf 85' lang='lat' dir='ltr'><strong>maxime</strong></span> <span class='ocrx_word' id='word_1_272' title='bbox 395 2208 486 2239; x_wconf 88' lang='lat' dir='ltr'><strong>nota</strong></span> <span class='ocrx_word' id='word_1_273' title='bbox 503 2209 607 2250; x_wconf 87' lang='lat' dir='ltr'><strong>sunt,</strong></span> <span class='ocrx_word' id='word_1_274' title='bbox 627 2201 765 2241; x_wconf 86' lang='lat' dir='ltr'><strong>dicam.</strong></span> <span class='ocrx_word' id='word_1_275' title='bbox 797 2202 938 2240; x_wconf 86' lang='lat' dir='ltr'><strong>Nonne</strong></span> <span class='ocrx_word' id='word_1_276' title='bbox 957 2201 1171 2241; x_wconf 85' lang='lat' dir='ltr'><strong>sestertium</strong></span> <span class='ocrx_word' id='word_1_277' title='bbox 1189 2200 1330 2240; x_wconf 65' lang='lat' dir='ltr'><strong>centies</strong></span> 
     </span>
    </p>
   </div>
  </div>
 </body>
</html>
