1509 2397
374 430 445 477 IN
479 430 553 476 M.
588 431 963 481 ANTONIUM

449 546 677 597 Philippica
697 549 882 597 Septima.

158 652 194 690 Ι.
224 653 398 692 PARvis
418 653 466 692 de
483 656 610 701 rebus,
627 654 692 692 sed
710 654 867 692 fortasse
885 653 1114 699 necessariis,
1136 666 1226 692 oon-

104 707 283 755 sulimur,
298 717 423 759 patres
442 708 653 759 conscripti.
682 707 746 746 De
764 709 899 759 Appia
917 708 994 755 via,
1017 715 1054 746 et
1071 708 1119 746 de
1135 708 1228 746 Mo-

104 762 207 809 11015,
239 762 385 809 00115111,
417 761 465 800 (10
495 762 680 813 Lupercis
712 762 890 800 tribunus
920 762 1055 813 plebis,
1083 762 1222 800 refert:

103 828 269 865 quarum
287 829 416 854 rerum
435 815 504 854 etsi
525 816 648 854 facilis
672 817 873 867 explicatio
903 816 1065 877 videtur,
1096 825 1227 854 tamen

102 868 254 907 animus
269 871 416 908 aberrat
428 883 450 907 3
462 870 660 919 sententia„
669 883 876 921 suspensus
888 870 986 908 curis
999 870 1224 919 maj0ribus.

102 922 286 961 Adducta
305 932 371 962 est·
378 924 496 971 enim,
509 932 634 975 patres
648 924 860 975 conscripti,
874 937 933 962 res
951 924 992 961 in
1006 924 1225 962 maximum

100 976 329 1028 periculum,
351 986 387 1016 et
409 986 625 1016 extremum
644 991 753 1030 paene
780 978 993 1017 discrimen.
1029 978 1121 1016 Non
1142 978 1222 1016 sine

100 1043 214 1069 causa
231 1032 446 1082 legatorum
457 1033 571 1070 istam
586 1033 677 1070 miss
678 1032 806 1070 ionem
818 1045 966 1083 semper
981 1032 1109 1080 timui,
1123 1044 1233 1069 nun-.

100 1097 220 1135 quam
249 1086 431 1137 probavi.
462 1100 628 1138 quorum
655 1086 798 1125 reditus
823 1086 917 1138 quid
950 1086 998 1124 sit
1020 1086 1229 1133 allaturus,

99 1137 253 1200 ignoro:
275 1141 503 1191 exspectatio
515 1141 672 1192 quidem
681 1148 871 1192 quantum
882 1140 1014 1178 afferat
1027 1141 1222 1200 languoris

100 1193 253 1241 animis,
274 1194 360 1245 quis
377 1207 456 1235 non
475 1195 608 1233 videt?
647 1195 740 1232 Non
760 1195 864 1232 enim
883 1207 921 1232 se
939 1202 1069 1232 tenent
1086 1194 1128 1241 ii,
1155 1195 1231 1245 qui·

100 1254 276 1285 senatum
294 1247 423 1286 dolent
441 1248 491 1287 ad
509 1249 741 1287 auctoritatis
759 1249 929 1299 pristinae
948 1261 1055 1299 spem
1068 1247 1224 1285 revixis-

100 1312 197 1348 cere,
219 1303 468 1352 conjunctum
500 1302 590 1341 huic
615 1302 740 1340 ordini
768 1302 958 1353 populum
981 1302 1230 1350 Romanum,.

102 1355 382 1446 gonspirantem
408 1356 579 1405 Italiam,
610 1365 761 1407 paratos
791 1355 992 1404 exercituS,
1026 1355 1234 1407 expeditos.

131 1421 229 1448 uces.

152 1463 182 1501 J
184 1476 247 1501 am
266 1477 370 1503 nunc
387 1465 541 1516 fingunt
556 1477 735 1515 responsa
752 1464 930 1511 Antonii,
951 1477 1070 1515 eaque
1089 1463 1220 1501 defen-

96 1516 206 1556 dunt.
235 1519 334 1567 Alii,
348 1520 539 1570 postulare
553 1519 680 1567 illum,
693 1528 737 1556 ut
748 1531 879 1556 omnes
894 1518 1078 1556 exercitus
1091 1517 1222 1555 dimit-

99 1578 242 1610 tantur.
273 1573 424 1612 Scilicet
441 1574 584 1624 legatos
599 1573 648 1610 ad
674 1585 764 1610 eum
782 1573 972 1620 misimus,
993 1585 1070 1610 non
1089 1580 1133 1610 ut
1151 1586 1220 1623 pa-

98 1632 210 1674 reret,
231 1634 268 1664 et
281 1627 382 1665 (11οῐ0
396 1628 554 1665 311(110115
572 1634 667 1665 esset
684 1626 775 1665 huic
794 1626 931 1673 ordini,
948 1626 1013 1664 sed
1031 1635 1076 1664 ut
1094 1626 1225 1664 condi-

98 1679 219 1718 tiones
246 1681 374 1727 ferret,
404 1682 508 1733 leges
533 1682 760 1732 imponeret,
794 1693 957 1719 reserare
986 1693 1055 1718 nos
1086 1681 1226 1719 exteris

96 1734 277 1784 gentibus
296 1711 453 1774 Italiam
473 1737 650 1784 juberet;
681 1748 720 1772 se
745 1735 956 1786 praesertim
980 1734 1179 1781 incolumi,
1200 1748 1224 1772 3

98 1800 176 1839 quo
194 1791 321 1838 majus
338 1791 566 1841 periculum,
583 1802 702 1841 quam
721 1791 770 1827 ab
788 1789 879 1826 ullis
897 1788 1131 1835 nationibus,
1152 1801 1220 1826 ex-

97 1842 374 1882 timescendum
393 1852 461 1882 est.
489 1843 588 1890 Alii,
608 1843 800 1881 remittere
819 1856 908 1880 eum
923 1843 1032 1881 nobis
1049 1842 1220 1880 Galliam

98 1895 337 1943 citeriorem,
365 1898 475 1936 illam
495 1898 672 1935 ultimam
691 1897 894 1948 postulare.
925 1896 1138 1934 Praeclare:
1171 1909 1220 1934 ex

99 1962 176 2000 qua
193 1963 272 1989 non
289 1952 456 2003 legiones
475 1953 615 1999 solum,
640 1951 706 1989 sed
724 1951 839 1988 etiam
859 1950 1045 1997 nadonae,
1067 1949 1116 1987 ad
1140 1950 1180 1988 L·
1182 1963 1220 1987 1·-

97 2003 188 2042 bem
206 2013 363 2044 conetur
380 2006 576 2045 adducere.
606 2005 706 2053 Alii,
721 2005 819 2042 nihil
837 2017 927 2042 eum
942 2005 1023 2053 jam
1044 2003 1118 2041 nisi
1137 2016 1223 2042 mo-

98 2056 250 2096 destum
267 2061 472 2111 postulare.
501 2033 773 2098 Macedoniam
795 2072 905 2097 suam
920 2066 1028 2097 xocat
1046 2058 1229 2105 omnino‚.

98 2112 282 2174 quoniam
307 2114 424 2153 Caius
447 2114 566 2153 frater
588 2122 644 2152 est
669 2112 759 2151 inde
787 2120 994 2151 revocatus.
1031 2111 1107 2151 Sed
1133 2125 1221 2163 quae

98 2165 291 2215 provincia
309 2175 378 2216 oet,
398 2181 447 2207 ex
465 2182 544 2220 qua
561 2168 629 2206 1113
655 2167 722 2206 fax
746 2167 908 2205 excitare
926 2178 1003 2204 non
1022 2166 1140 2218 poaeit
1159 2166 1218 2203 in-

94 2218 300 2260 cendium.
290 2223 306 2249 ²
337 2222 475 2274 Itaque
493 2221 624 2269 iidem,
645 2221 755 2273 quasi
772 2220 922 2272 providi
932 2220 1044 2269 cives,
1059 2227 1098 2261 et
1108 2232 1230 2261 50113-
