1509 2397
269 95 349 133 312
487 92 825 137 PHILIPPICA
847 92 970 132 VIII.
1000 92 1106 132 CAP.
1126 93 1164 132 6.

267 214 395 240 meam
414 202 638 240 sententiam
658 209 695 240 et
713 209 821 240 tuam
838 215 849 239 ε
871 213 940 252 ego
952 200 1056 249 nolo,
1079 212 1316 252 quemquam
1329 201 1384 240 ci.

267 269 355 294 vem
374 256 630 302 committere,
641 264 685 293 ut
695 263 818 293 morte
831 255 1056 293 multandus
1070 255 1141 293 sit:
1163 262 1221 302 tu,
1234 255 1384 294 etiamsi

268 309 513 357 commiserit,
534 309 833 348 conservandum
852 316 975 360 putas.
1006 308 1056 346 In
1075 321 1228 359 corpore
1241 309 1273 347 si
1287 309 1382 360 quid

269 363 458 413 ejusmodi
477 371 547 410 est,
568 363 671 415 quod
690 363 835 414 reiiquo
854 362 999 413 corpori
1017 370 1163 408 noceat,
1178 362 1239 400 uri
1250 363 1386 403 secari-

269 430 345 469 que
376 418 570 468 patimur,
602 425 646 455 ut
675 418 894 454 membrum
926 416 1082 466 aliquod
1104 416 1246 466 potius,
1267 430 1387 468 quam

268 479 394 511 totum
413 484 561 522 corpus,
582 471 763 508 intereat:
795 470 860 515 sic,
876 470 917 507 in
931 469 1149 520 reipublicae
1162 482 1329 521 corpore,
1341 477 1387 509 ut

270 532 395 563 totum
414 525 563 563 salvum
594 525 655 573 sit,
683 523 873 575 quidquid
902 530 958 561 est
986 523 1223 574 pestiferum,
1246 536 1385 576 ampu-

271 587 384 617 tetur.

326 632 438 670 Dura
455 645 542 670 vox.
572 631 706 670 Multo
725 631 791 669 ina
809 630 962 669 duri0r2
987 632 1014 653 ‘⁶
1029 630 1133 669 Salvi
1151 631 1226 670 sint
1239 631 1384 683 impro-

271 687 325 734 bi,
357 686 540 731 scelerati,
570 686 703 736 impii:
735 685 932 723 deleantur
958 684 1189 732 innocentes,
1220 685 1384 733 honesti,

271 741 376 787 boni,
397 748 477 777 tota
495 740 748 791 respublica.”
778 738 895 777 Uno
884 751 925 776 m
943 738 1112 785 homine,
1133 739 1184 786 Q
1207 739 1310 786 Fufi,
1329 740 1389 777 fa-

271 802 351 832 teor
371 806 407 832 te
425 793 559 831 vidisse
578 794 679 844 plus,
694 805 811 845 quam
826 806 900 831 me.
928 793 1016 843 Ego
1031 793 1077 831 Ρ.
1092 792 1274 831 Clodium
1288 793 1390 836 arbi-2

272 850 401 886 trahar
417 848 672 898 perniciosum
698 848 832 893 civem,
857 846 1096 894 sceleratum,
1123 847 1387 894 libidinosum,

274 902 454 952 impium,
489 901 686 947 audacem,
720 901 998 939 facinorosum:
1030 907 1087 947 tu,
1114 908 1259 948 contra,
1278 913 1391 940 sanc-

275 963 376 1003 tum,
397 963 686 1006 temperantem,
707 954 960 999 innocentem,
976 953 1208 1001 modestum,
1225 955 1389 993 retinen-

276 1009 372 1047 dum
396 1009 532 1055 civem,
553 1016 590 1047 et
608 1008 831 1059 optandum.
867 1008 916 1045 In
934 1008 1007 1045 hoc
1024 1020 1101 1045 uno
1120 1017 1158 1045 te
1176 1008 1391 1060 plurimum

278 1063 428 1110 vidisse,
449 1063 618 1100 multum
637 1075 700 1100 me
719 1063 859 1100 errasse
878 1061 1050 1099 concedo.
1081 1061 1201 1110 Nam,
1214 1062 1319 1113 quod
1329 1075 1393 1102 me

278 1125 406 1155 tecum
424 1116 603 1154 iracunde
622 1129 731 1167 agere
750 1115 881 1153 dixisti
899 1115 1030 1161 solere,
1050 1127 1127 1153 non
1145 1123 1202 1154 est
1219 1116 1296 1164 itaq
1329 1129 1397 1155 ve—

277 1171 478 1213 hementer
496 1182 558 1208 me
578 1183 688 1221 agere
698 1170 842 1215 fateor-3
873 1169 1067 1215 iracunde,
1083 1181 1193 1220 nego.
1221 1169 1396 1210 Omnino

280 1224 391 1262 irasci
409 1223 543 1261 amicis
559 1236 636 1262 non
658 1231 797 1261 temere
822 1223 938 1269 soleo,
968 1235 1017 1260 ne
1036 1223 1067 1260 si
1085 1230 1281 1261 merentur
1309 1225 1398 1276 qui..

282 1278 384 1316 dem.
414 1278 566 1329 Itaque,
587 1278 667 1316 sine
684 1279 885 1314 verborum
905 1277 1150 1324 contumelia,
1166 1286 1238 1315 ate
1254 1277 1398 1317 dissen-

286 1333 356 1370 tire
375 1344 562 1383 possum;
582 1331 661 1369 sine
676 1331 796 1368 animi
815 1343 967 1368 summo
985 1330 1113 1368 dolore
1130 1343 1208 1369 non
1226 1344 1397 1383 possum.

284 1386 410 1424 Parva
429 1394 485 1423 est
504 1385 606 1423 enim
625 1385 722 1422 mihi
741 1392 881 1432 tecum,
899 1391 966 1422 aut
983 1397 1103 1435 parva
1121 1384 1168 1422 de
1186 1398 1240 1433 re,
1256 1385 1401 1425 disseri..

285 1440 373 1479 sio?
403 1452 473 1490 ego
501 1439 594 1477 huic
610 1438 783 1476 videlicet
811 1439 1008 1484 faveo,tu
966 1437 1114 1476 tuilli.
1106 1440 1123 1465 ⁹
1165 1438 1295 1478 Immo
1313 1453 1403 1479 vero

285 1507 354 1545 ego
374 1493 427 1531 D.
448 1493 573 1531 Bruto
591 1493 713 1540 faveo,
734 1500 776 1530 tu
796 1492 857 1530 M.
877 1492 1074 1530 Antonio:
1105 1505 1176 1543 ego
1194 1494 1403 1533 conservari

285 1547 473 1586 coloniam
491 1546 627 1598 populi
644 1546 814 1584 Romani
832 1546 957 1597 cupio,
973 1553 1017 1583 tu
1035 1547 1247 1597 expugnari
1261 1547 1401 1588 studes.

340 1601 417 1639 VI.
446 1601 515 1638 An
534 1600 606 1639 hoc
624 1612 761 1651 negare
779 1607 899 1651 potes,
915 1600 983 1651 qui
1001 1612 1134 1638 omnes
1150 1612 1276 1639 moras
1285 1601 1402 1640 inter.

286 1655 410 1707 ponis,
431 1655 571 1706 quibus
589 1653 803 1694 infirmetur
827 1655 988 1700 Brutus,
1019 1653 1155 1691 melior
1183 1654 1250 1692 fiat
1274 1655 1402 1694 Anto-

286 1709 402 1747 nius?
434 1721 633 1760 quousque
666 1708 769 1745 enim
797 1708 911 1755 dices,
937 1719 1070 1758 pacem
1099 1707 1196 1745 velle
1224 1708 1291 1745 te?
1323 1710 1403 1748 Res

286 1762 456 1814 geritur:
487 1762 682 1800 conductae
700 1762 819 1799 vineae
846 1769 958 1799 sunt:
988 1768 1183 1821 pugnatur
1210 1762 1402 1802 acerrime.

289 1816 371 1863 Qui
389 1816 691 1861 intercurrerent,
723 1816 900 1853 misimus
927 1822 1001 1853 tres
1023 1814 1211 1866 principes
1230 1815 1402 1855 civitatis.

290 1870 376 1908 Hos
396 1870 608 1916 contemsit,
635 1869 776 1918 rejecit,
803 1868 1017 1920 repudiavit
1033 1869 1253 1906 Antonius:
1284 1877 1328 1907 tu
1347 1878 1405 1909 ta-

288 1936 379 1962 men
398 1935 595 1974 permanes
615 1923 938 1961 constantissimus
957 1922 1129 1960 defensor
1145 1922 1321 1962 Antonii.
1349 1925 1405 1963 Et

291 1977 462 2028 quidem,
494 1989 570 2028 quo
596 1977 731 2014 melior
756 1984 904 2015 senator
931 1976 1117 2022 videatur,
1140 1984 1254 2027 negat
1281 1988 1321 2016 se
1347 1977 1407 2016 ini

291 2031 459 2069 amicum
478 2044 557 2069 esse
575 2030 736 2075 debere;
758 2043 846 2068 cum
866 2043 933 2068 suo
948 2042 1089 2081 magno
1101 2030 1281 2068 beneficio
1296 2040 1404 2080 esset,

291 2085 437 2122 venisse
456 2097 545 2122 eum
564 2092 694 2122 contra
713 2097 762 2122 se.
802 2084 918 2131 Vide,
945 2091 1088 2136 quanta
1114 2083 1248 2122 caritas
1265 2084 1314 2123 sit
1337 2099 1408 2137 pa-

293 2138 400 2176 triae:
423 2151 510 2176 cum
525 2138 673 2176 homini
688 2138 735 2176 sit
749 2138 880 2185 iratus,
895 2146 1036 2186 tamen,
1049 2137 1266 2188 reipublicae
1277 2140 1391 2178 causa

286 2191 463 2232 defendit
475 2192 704 2230 Antonium.
735 2192 822 2244 Ego
837 2198 886 2242 te,
903 2204 991 2231 cum
1004 2192 1042 2230 in
1057 2190 1314 2231 Massilienses
1329 2199 1411 2242 tam
1463 2243 1470 2247 .
