1509 2397
281 115 360 153 218
507 112 843 152 PHILIPPICA
873 112 930 151 ΙΙ.
961 111 1067 151 CAP.
1092 113 1161 151 24.“

282 228 378 268 sent,
398 220 612 272 perfecerat.
641 219 764 270 Cujus
791 227 919 258 tamen
953 220 1073 258 scelus
1094 219 1134 258 in
1161 219 1295 258 scelere
1326 230 1392 258 co·

282 275 462 327 gnoscite.

336 328 503 367 XXIII.
534 327 773 366 Restitueb'at
801 327 943 364 multos
972 326 1233 365 calamitosos:
1263 326 1304 364 in
1327 325 1388 364 his

282 382 410 433 patrui
427 382 534 419 nulla
551 381 704 419 mentio.
735 380 776 418 Si
794 393 956 428 severus,
977 392 1043 417 cur
1072 377 1207 418 non'in
1225 391 1356 418 omnes
1369 381 1387 418 ?

284 436 315 474 si
343 435 566 483 misericors,
586 447 653 472 cur
670 446 747 471 non
766 433 805 470 in
825 446 912 471 suos
929 435 946 471 ?
978 434 1055 471 Sed
1071 433 1205 471 omitto
1224 440 1388 471 caeteros.

283 489 479 527 Licinium
508 488 767 533 Denticulam,
798 486 845 524 de
871 485 952 524 alea
981 487 1288 534 condemnatum,
1313 486 1390 525 col-

281 542 446 580 lusorem
467 554 593 588 suum,
614 541 776 578 restituit
792 554 801 577 :
833 541 941 591 quasi
955 553 1041 578 vero
1051 540 1181 578 ludere
1195 552 1284 578 cum
1302 551 1392 578 con-

283 596 462 634 demnato
491 607 567 632 non
596 594 750 632 liceret:
782 594 846 631 sed
874 600 933 640 ut,
964 594 1068 644 quod
1091 594 1133 630 in
1161 593 1243 631 alea
1265 593 1391 644 perdi-

284 649 403 696 derat,
424 648 604 686 beneficio
622 648 716 698 legis
735 647 961 685 dissolveret.
991 647 1123 694 Quam
1152 646 1312 685 attulisti
1329 659 1392 684 ra-

283 703 426 740 tionem
445 703 586 753 populo
605 701 796 761 Romano,
817 713 883 738 cur
902 713 990 738 eum
1009 701 1154 739 restitui
1173 707 1359 751 oporteret
1371 702 1390 738 ?

285 758 479 794 absentem
495 754 667 799 (credo)
657 767 696 791 1n
711 766 793 792 reos
805 753 994 798 relatum3
1024 766 1105 792 rem
1123 753 1265 792 indicta
1279 753 1393 792 causa

282 809 520 859 judicatam3
551 808 703 845 nullum
736 807 852 845 fuisse
876 807 923 845 de
952 807 1035 845 alea
1063 808 1148 858 lege
1172 807 1390 856 judicium·
1377 835 1390 852 ‚

286 862 324 900 vi
343 875 579 914 oppressum,
600 869 637 900 et
654 874 693 898 ar
696 861 797 906 mis3
828 870 1032 911 postremo,
1053 862 1173 912 (quod
1191 861 1238 898 de
1255 868 1393 912 patruo

287 923 353 953 tuo
397 915 606 962 dicebatur)
638 927 731 965 pecu
722 927 758 951 111
762 915 800 952 ia
828 914 1017 963 judicium
1049 927 1128 953 esse
1160 922 1392 965 corruptum.

288 969 400 1008 Nihil
429 969 578 1006 horum.
607 968 666 1005 At
695 968 752 1005 vir
788 969 925 1014 bonus,
954 974 991 1005 et
1019 967 1213 1019 republica
1241 967 1392 1018 dignus.

288 1022 400 1060 Nihil
418 1021 458 1058 id
477 1021 632 1072 quidem
651 1020 700 1058 ad
718 1033 798 1058 rem
815 1034 825 1058 ε
857 1033 925 1072 ego
943 1028 1085 1070 tamen,
1106 1021 1287 1073 quoniam
1306 1033 1396 1058 con-

286 1076 511 1113 demnatum
542 1088 619 1113 esse
643 1087 712 1125 pro
736 1074 856 1112 nihilo
879 1081 947 1123 est,
967 1075 999 1112 si
1020 1075 1074 1112 ita
1098 1082 1206 1122 esset,
1225 1075 1393 1125 ignosce-

285 1141 379 1167 rem.
410 1127 621 1166 Hominem
654 1140 755 1175 vero,
794 1128 967 1165 omnium
1003 1128 1294 1179 nequissimum,
1325 1127 1394 1178 qui

285 1194 361 1219 non
381 1181 571 1219 dubitaret
599 1181 658 1219 vel
682 1181 723 1218 in
745 1181 826 1218 foro
851 1181 934 1219 alea
955 1181 1097 1229 ludere,
1117 1182 1214 1232 lege,
1234 1195 1320 1233 quae
1338 1187 1394 1219 est

285 1235 334 1273 de
352 1235 448 1281 alea,
469 1235 777 1282 condemnatum,
799 1234 866 1285 qui
883 1235 924 1272 in
942 1235 1134 1285 integrum
1158 1235 1335 1284 restituit,
1362 1234 1394 1273 is

286 1300 363 1327 non
383 1288 615 1339 apertissime
634 1288 803 1325 studium
822 1301 936 1326 suum
955 1289 1035 1340 ipse
1052 1288 1248 1339 profitetur
1261 1290 1279 1327 ?

341 1342 389 1379 In
409 1341 540 1379 eodem
564 1354 652 1379 vero
680 1342 890 1388 tribunatu,
915 1355 1003 1380 cum
1023 1342 1162 1389 Caesar,
1188 1342 1229 1380 in
1249 1342 1393 1394 Hispa-

284 1395 390 1433 niam
421 1394 673 1446 proficiscens,
699 1395 788 1433 huic
818 1395 1112 1434 conculcandam
1141 1396 1295 1434 Italiam
1317 1403 1392 1434 tra-

285 1448 466 1493 didisset3
496 1462 583 1499 quae
611 1448 686 1485 fuit
715 1449 796 1498 ejus
827 1449 1038 1500 peragratio
1069 1449 1284 1488 itinerum?
1312 1450 1392 1487 lus-

285 1502 396 1540 tratio
414 1502 711 1553 municipiorum
728 1504 744 1540 Ρ
774 1502 859 1540 Scio
877 1515 940 1540 me
957 1503 998 1540 in
1016 1504 1128 1541 rebus
1146 1502 1393 1541 celebratissi-

283 1555 358 1593 mis
377 1567 548 1593 sermone
566 1555 740 1592 omnium
758 1555 910 1603 versari,
939 1569 1071 1608 eaque,
1091 1569 1178 1608 quae
1196 1556 1293 1603 dico,
1314 1556 1392 1595 dic-

283 1616 469 1659 turusque
497 1621 599 1656 sum,
623 1608 769 1646 notiora
799 1609 977 1647 omnibus
1003 1622 1082 1647 esse
1117 1609 1184 1661 qui
1205 1609 1245 1647 in
1275 1609 1391 1648 Italia

284 1668 368 1700 tum
398 1662 518 1709 fuere,
539 1675 657 1713 quam
674 1662 785 1709 mihi,
806 1663 873 1714 qui
895 1675 972 1701 non
990 1663 1059 1701 fui.
1089 1663 1128 1700 N
1132 1664 1243 1700 otabo
1262 1669 1390 1701 tamen

285 1715 453 1766 singulas
471 1727 529 1752 res
546 1729 556 1751 :
587 1715 656 1753 etsi
674 1716 781 1753 nullo
799 1716 914 1754 modo
936 1717 1073 1767 poterit
1089 1716 1208 1754 oratio
1227 1728 1312 1754 mea
1330 1729 1389 1755 sa-

282 1768 451 1807 tisfacere
480 1775 610 1805 vestrae
639 1769 813 1806 scientiae.
842 1770 1000 1808 Etenim
1026 1769 1129 1821 quod
1152 1781 1326 1821 unquam
1347 1770 1388 1808 in

280 1822 388 1860 terris
406 1828 556 1859 tantum
575 1821 763 1872 flagitium
781 1822 964 1860 exstitisse
982 1823 1156 1861 auditum
1171 1823 1254 1861 est?
1285 1822 1389 1872 [tan-

282 1881 362 1913 tam
381 1874 657 1925 turpitudinem
671 1877 710 1926 Ρ]
740 1882 891 1913 tantum
909 1876 1101 1915 dedecus?

335 1928 494 1966 XXIV.
525 1928 746 1966 Vehebatur
781 1928 822 1966 in
858 1929 985 1968 essedo
1021 1931 1198 1968 tribunus
1234 1930 1384 1982 plebis.

279 1982 426 2020 lictores
455 1981 614 2019 laureati
650 1982 942 2021 antecedebant.
983 1983 1082 2022 inter
1116 1996 1226 2035 quos,
1257 1985 1388 2034 aperta

277 2035 423 2082 lectica,
442 2034 563 2072 mima
579 2037 825 2086 portabatur3
856 2049 974 2088 quam
992 2050 1040 2075 ex
1058 2037 1207 2089 oppidis
1224 2037 1388 2075 munici-

276 2089 395 2140 pales,
407 2088 579 2126 hominae
589 2088 749 2134 honesti,
766 2090 916 2127 obviam
926 2091 1136 2129 necessario
1143 2090 1384 2141 prodeuntes,

274 2154 350 2181 non
381 2148 470 2179 noto
499 2141 566 2179 1110
595 2148 632 2179 et
650 2141 804 2180 mimico
830 2143 997 2192 nomine,
1025 2144 1090 2182 sed
1117 2143 1383 2192 Volumniam,
