1509 2397
242 109 315 148 1114
482 105 821 146 PHILIPPICA
851 105 888 144 1.
918 106 1024 163 cst:
1059 107 1120 147 13.

246 229 389 268 quaeso,
420 214 639 263 Dolabella,
671 227 897 254 consensum
929 215 1044 253 illum
1077 215 1232 265 theatri,
1269 229 1367 262 cum>

243 283 392 318 omnes,
409 283 540 308 earum
554 282 685 308 rerum
700 269 824 317 obliti,
839 275 993 320 propter
1011 282 1106 321 quas
1123 270 1193 308 tibi
1211 270 1363 310 fixerant

241 324 388 371 offensi,
409 324 729 375 significaverunt,
750 336 789 360 se
806 336 906 361 novo
930 323 1113 361 beneficio
1136 325 1363 364 memoriam

243 379 377 417 veteris
389 378 528 416 doloris
541 378 730 427 abjecisse.
762 377 802 414 H
807 390 877 415 ane
891 384 948 425 tu,
963 377 1181 425 Dolabella,
1204 382 1363 430 (magno

243 433 380 484 loquor
405 445 494 470 cum
524 432 669 478 dolore)
695 431 794 469 hanc
820 438 876 478 tu,
901 431 1077 482 inquam,
1101 431 1231 471 animo
1252 446 1364 485 aequo

244 486 402 538 potuisti
420 493 567 524 tantam
587 485 812 536 dignitatem
831 485 1018 536 deponere
1035 487 1052 524 ?

299 540 426 579 XIII.
457 540 522 577 Tu
539 548 682 584 autem,
701 539 761 576 M.
775 539 940 585 Antoni,
963 540 1175 581 (absentem
1194 540 1364 592 appello)

244 607 369 633 unum
387 594 500 632 illum
520 594 636 641 diem,
657 606 734 644 quo
752 593 793 629 in
813 592 892 631 aede
911 593 1080 631 Telluris
1099 601 1253 632 senatus
1273 593 1363 643 fuit,

245 661 323 687 non
341 648 520 686 omnibus
549 647 595 685 iis
613 647 821 693 mensibus,
843 647 983 698 quibus
1002 655 1040 685 te
1058 648 1231 699 quidam,
1259 649 1365 687 mul-

245 709 331 740 tum
350 716 373 740 a
390 715 454 740 me
476 701 752 749 dissentientes,
778 703 935 739 beatum
954 708 1106 752 putant,
1130 702 1327 753 anteponis
1344 705 1364 742 ?

245 756 347 804 Quae
363 756 438 794 fuit
453 756 570 794 oratio
586 755 632 793 de
647 755 844 793 concordia
860 755 869 793 !
901 762 1046 807 quanto
1058 762 1166 794 metu
1181 757 1364 805 veterani,

244 810 390 861 quanta
420 809 673 848 sollicitudine
699 809 828 847 civitas
856 816 942 848 tum
970 823 994 847 a
1024 817 1062 848 te
1090 810 1250 848 liberata
1278 811 1362 850 est!

244 864 381 902 Tuum
411 864 611 915 collegam,
631 862 811 915 depositis
830 863 1054 912 inimicitiis,
1073 863 1215 902 oblitus
1234 865 1364 916 auspi-

244 918 314 965 cia,
339 917 396 968 [te
414 919 496 970 ipso
515 931 659 968 augure
678 917 915 969 nuntiante,]
936 917 1003 956 illo
1021 918 1192 969 primum
1211 917 1273 957 die
1287 919 1365 958 col-

242 973 371 1023 legam
387 972 457 1010 tibi
476 985 555 1010 esse
575 971 727 1009 voluisti
744 985 754 1008 ε
786 978 874 1009 tuus
892 972 1076 1022 parvulus
1094 971 1212 1021 filius,
1233 972 1272 1010 in
1289 972 1365 1012 Ca-

243 1026 423 1078 pitolium
452 1039 476 1064 a
505 1033 542 1063 te
561 1026 713 1072 missus,
739 1025 842 1075 pacis
859 1027 968 1063 obses
985 1025 1071 1064 fuit.
1102 1026 1193 1074 Quo
1212 1034 1367 1066 senatus

245 1080 306 1118 die
342 1079 493 1118 laetior⁹
522 1093 599 1130 quo
635 1080 802 1130 populus
840 1079 1073 1118 Romanus?
1103 1080 1171 1131 qui
1207 1080 1365 1132 quidem

244 1134 382 1172 nulla
372 1147 410 1171 m
432 1133 609 1172 concione
622 1146 796 1184 unquam
815 1132 1047 1183 frequentior
1059 1133 1146 1172 fuit.
1177 1133 1285 1172 Tum
1299 1135 1367 1174 de-

243 1188 361 1240 nique
379 1187 529 1226 liberati
546 1200 615 1238 per
633 1200 732 1224 Viros
751 1186 977 1224 fortissimos
995 1187 1249 1226 videbamur·
1237 1217 1250 1234 ‚
1272 1189 1365 1241 quia

247 1244 308 1286 (ut
325 1242 384 1280 illi
403 1243 616 1288 voluerant)
629 1241 844 1280 libertatem
858 1254 936 1291 pax
956 1243 1196 1292 sequebatur.
1226 1243 1366 1282 Proxi-

244 1309 324 1342 mo,
344 1296 476 1341 altero,
495 1295 620 1343 tertio,
641 1294 797 1346 reliquis
816 1295 1023 1333 consecutis
1041 1295 1190 1343 diebus,
1210 1308 1288 1334 non
1305 1297 1366 1335 in-

245 1350 480 1388 termittebas
499 1349 607 1401 quasi
622 1348 768 1387 donum
787 1349 944 1400 aliquod
963 1349 1132 1399 quotidie
1149 1350 1282 1389 afferre
1294 1351 1367 1390 rei-

245 1404 433 1456 publicae:
464 1404 683 1441 maximum
721 1411 849 1441 autem
886 1402 998 1451 illud,
1028 1403 1132 1455 quod
1168 1404 1367 1444 dictaturae

244 1471 386 1497 nomen
405 1457 600 1496 sustulisti.
633 1457 731 1495 Haec
749 1457 877 1495 inusta
895 1464 951 1495 est
969 1471 992 1495 a
1009 1465 1061 1506 te,
1075 1472 1099 1496 a
1117 1465 1167 1505 te,
1187 1458 1363 1510 inquam,

244 1520 397 1551 mortuo
423 1511 564 1551 Caesari
596 1518 686 1549 nota
715 1511 763 1549 ad
795 1511 1048 1562 ignominiam
1078 1512 1363 1564 sempiternam.

243 1567 302 1606 Ut
330 1567 447 1613 enim,
474 1573 627 1617 propter
656 1565 770 1603 unius
790 1566 852 1603 M.
880 1565 1025 1603 Manlii
1051 1566 1185 1612 scelus,
1216 1566 1365 1605 decreto

245 1621 368 1671 gentis
402 1620 579 1666 Manliae,
611 1619 806 1657 neminem
836 1619 1039 1670 patricium
1070 1620 1131 1658 M.
1164 1620 1365 1659 Manlium

244 1674 370 1713 vocari
397 1675 510 1719 licet,
500 1689 509 1698 ·
542 1674 594 1712 sic
613 1681 716 1720 tu,·o
690 1718 705 1724 Δ
690 1681 845 1724 propter
863 1673 978 1712 unius
996 1673 1188 1712 dictatoris
1215 1673 1363 1724 odium,

243 1741 386 1768 nomen
403 1703 595 1767 dicta'toris
613 1728 787 1766 funditus
805 1727 1002 1766 sustulisti„

300 1783 413 1821 Num
440 1783 613 1832 hujusce,
643 1795 734 1820 cum
758 1795 827 1833 pro
858 1782 980 1820 salute
1009 1781 1227 1833 reipublicae
1257 1789 1365 1822 tanta

246 1837 434 1887 gessisses,
454 1837 617 1874 fortunae
642 1843 693 1884 te,
718 1849 815 1874 num
833 1836 1113 1887 amplitudinis,
1133 1848 1230 1874 num
1255 1837 1365 1876 clari-

245 1890 346 1940 tatis,
378 1903 472 1928 num
503 1890 648 1941 gloriae,
679 1890 909 1941 poenitebat.
900 1893 917 1919 ‘³
946 1890 1062 1929 Unde
1091 1890 1210 1941 igitur
1238 1891 1365 1930 subito

244 1951 352 1982 tanta
363 1944 436 1983 ista
454 1944 649 1982 mutatio?
680 1945 773 1983 Non
783 1957 940 1996 possum
954 1944 1105 1991 adduci,
1118 1951 1164 1983 ut
1182 1945 1363 1996 suspicer,

246 2005 283 2037 te
301 1998 464 2050 pecunia
483 2005 648 2050 captum.
679 1999 802 2046 Licet,
824 1998 929 2050 quod
947 1998 1085 2050 cuique
1101 1998 1209 2060 libet,
1228 1998 1364 2051 loqua-

245 2058 335 2090 tur.
366 2053 515 2091 credere
539 2064 617 2090 non
647 2060 702 2091 est
732 2065 902 2091 necesse·
933 2053 1029 2090 nihil
1054 2053 1158 2091 enim
1187 2065 1364 2105 unquam

244 2105 286 2145 in
306 2114 343 2145 te
372 2107 583 2156 sordidum,
603 2106 700 2144 nihil
723 2106 885 2155 humile,
909 2106 1093 2158 cognovi.
1124 2119 1365 2159 quamquam

247 2161 371 2203 solent
391 2161 589 2202 domestici
613 2160 822 2214 depravare
845 2173 1152 2213 nonnunquam·
1181 2160 1248 2206 sed
1276 2160 1366 2201 now·
