1509 2397
187 39 240 76 56
445 35 511 75 IN
541 31 816 74 PISONEM.
845 32 953 72 CAP.
982 33 1048 78 27.

190 142 390 196 sapientia,
409 155 528 194 quam
548 142 721 189 Crassus,
741 154 786 179 ea
804 139 1028 188 contemnis,
1045 140 1202 191 quaeilli
1217 142 1314 183 idio..

190 206 243 237 tae
262 202 323 241 (ut
341 205 385 235 tu
403 197 589 258 appellas)
607 195 789 247 praeclara
806 194 1012 232 duxerunt.

247 251 366 300 Quod
384 251 416 289 si
434 250 692 301 reprehendis,
713 248 817 301 quod
841 248 970 300 cupidi
993 248 1134 288 laureae
1151 249 1310 300 fuerint,

193 318 282 346 cum
300 305 402 343 bella
420 312 488 342 aut
505 317 624 355 parva
642 310 710 341 aut
728 303 838 340 nulla
862 302 1086 353 gessissent3
1118 310 1176 351 tu,
1196 305 1314 346 tantis

193 360 411 398 nationibus
430 358 610 404 subactis,
625 357 740 395 tantis
759 358 872 395 rebus
891 356 1019 407 gestis,
1032 356 1193 397 minime
1210 359 1314 399 fruc-

194 421 281 452 tum
298 414 476 451 laborum
501 420 672 458 tuorum,
695 410 852 462 praemia
869 410 1142 462 periculorum,
1162 413 1315 453 virtum

192 467 374 529 insignia,
405 473 645 504 contemnere
667 464 842 503 debuisti.
874 465 1014 515 Neque
1032 477 1121 503 vero
1145 474 1316 507 contem-

195 521 289 569 sisti,
297 521 384 559 licet
390 520 594 558 Themista
607 519 828 570 sapiention
853 516 961 570 [sed]
971 531 1012 556 os
1023 524 1136 557 tuum
1147 519 1316 561 feneum

197 578 349 614 senatus
369 574 536 613 convicio
556 573 743 611 verberari
760 572 929 610 noluisti.

249 629 280 668 J
282 642 347 667 am
365 629 483 675 vides,
505 626 817 679 quandoquidem
841 626 895 664 ita
911 626 1091 665 mihimet
1111 627 1198 666 fui
1186 629 1318 668 mimi-

197 696 278 731 cus,
297 690 342 721 ut
359 695 423 720 me
441 690 568 720 tecum
588 693 862 732 compararem,
889 687 927 718 et
944 680 1156 731 digressum
1169 695 1318 735 meum,

198 745 236 776 et
254 737 481 784 absentiam,
502 743 539 774 et
557 735 746 773 reditum·
736 742 790 772 1ta
807 735 922 786 longe
939 742 1007 772 tuo
1024 736 1257 786 przestmssffi
1271 746 1319 778 ut

197 791 295 829 mihi
313 791 381 829 ina
399 790 529 828 omnia
550 789 808 827 immortalem
837 789 1000 838 gloriam
1029 788 1214 838 dederint,
1247 791 1319 831 tibi

199 845 470 896 sempiternam
489 851 514 881 t
509 843 769 894 irpitudinem
786 842 1008 880 inflixerint.
1049 843 1168 883 Nunc
1185 845 1317 895 etiam,

198 899 239 938 in
257 899 330 937 hac
348 897 586 950 quotidiana,
607 897 772 944 assidua,
793 897 1017 948 urbanaque
1036 896 1127 946 vita,
1141 899 1319 951 splendo-

198 966 282 992 rem
307 960 434 999 tuum,
466 952 643 1002 gratiam,
673 950 929 991 celebritatem
948 950 1210 1014 domesticam,
1229 967 1321 1006 ope-

199 1020 283 1045 ram
319 1007 522 1051 forensem,
554 1005 769 1050 consilium,
803 1005 1008 1052 auxilium,
1039 1007 1320 1059 auctoritatem,

201 1060 427 1100 sententiam
453 1059 681 1098 senatoriam
700 1059 822 1105 nobis,
854 1066 935 1106 aut,
966 1066 1011 1096 ut
1035 1060 1159 1099 verius
1178 1061 1319 1110 (1183111,

200 1114 382 1165 cuiquam
396 1127 435 1152 85
454 1113 625 1151 infimo
607 1126 650 1151 ac
671 1111 1028 1165 [desperatissimo,]
1043 1114 1311 1167 antelaturus?

256 1168 443 1207 XXVII.
472 1168 577 1218 Age,
598 1175 752 1205 senatus
771 1166 851 1204 odit
868 1174 921 1213 te,
942 1167 1064 1217 (quod
1087 1180 1177 1207 eum
1202 1176 1247 1208 tu
1263 1169 1324 1209 fa„

201 1235 284 1262 cere
300 1223 387 1271 jure
405 1221 593 1267 concedis)
613 1220 836 1259 afflictorem
851 1228 888 1258 et
905 1221 1135 1281 perditorem
1146 1235 1224 1261 non
1237 1237 1325 1264 mo.

203 1276 253 1315 do
271 1275 467 1326 dignitatis
483 1282 519 1313 et
533 1274 780 1322 auctoritatis,
801 1274 866 1312 sed
879 1275 1037 1313 omnino
1047 1276 1189 1315 ordinis
1199 1290 1243 1316 ac
1253 1290 1326 1317 no-

201 1330 318 1369 minis
337 1330 419 1367 sui:
451 1329 577 1367 videre
596 1329 742 1389 equites
761 1328 931 1366 Romani
955 1341 1031 1367 non
1051 1338 1226 1380 possunt,
1245 1345 1324 1383 quo

201 1397 250 1422 ex
261 1383 392 1422 ordine
405 1383 460 1422 vir
472 1382 806 1435 praestantissimus
817 1390 854 1420 et
867 1383 1330 1426 ormtissiniusLAEIiua

202 1445 273 1484 est,
293 1445 331 1476 te
350 1438 516 1484 consule,
544 1437 757 1488 relegatus:
787 1436 896 1487 plebs
924 1437 1104 1476 Romana
1127 1439 1324 1490 perditum

203 1491 324 1543 cupit,
344 1491 385 1529 in
404 1493 514 1541 cujus
533 1499 575 1529 tu
598 1490 800 1528 infamiam
825 1503 883 1536 83,
910 1504 997 1542 quae
1019 1504 1086 1542 per
1103 1493 1267 1532 latrones
1285 1501 1326 1533 et

202 1559 272 1597 per
291 1558 417 1584 servos
436 1545 483 1583 de
501 1558 564 1583 me
583 1557 727 1596 egeras,
744 1544 956 1582 contulisti:
979 1545 1094 1584 Italia
1107 1554 1243 1585 cuncta
1256 1560 1332 1587 exv

204 1607 383 1647 secratur,
403 1600 513 1649 cujus
530 1599 635 1638 idem
653 1606 697 1637 tu
709 1598 978 1650 superbissime
988 1598 1136 1638 decreta
1150 1608 1187 1638 et
1196 1613 1330 1652 preces

205 1652 1333 1705 repudiasti..

260 1707 339 1745 Fac
356 1707 475 1757 hujus
493 1707 571 1746 odii
589 1706 686 1746 tanti
704 1719 748 1745 ac
765 1712 846 1744 tam
865 1705 1030 1745 universi
1048 1707 1330 1758 periculum,si

206 1760 335 1801 audes.
366 1762 533 1808 Instant,
548 1769 633 1812 post
650 1760 854 1799 hominum
872 1760 1098 1800 memoriam
1117 1764 1331 1814 apparatis-

207 1815 309 1861 simi,
339 1815 784 1866 magnificentissimique
811 1813 909 1861 ludi,
939 1815 1071 1865 quales
1103 1828 1181 1855 non
1210 1817 1332 1857 modo

206 1881 410 1920 nunquam
439 1869 609 1917 fuerunt,
643 1869 709 1908 sed
739 1881 802 1915 ne,
835 1869 1027 1919 quomodo
1056 1869 1138 1908 fieri
1169 1871 1330 1922 quidem

206 1923 365 1974 posthac
383 1923 542 1974 possint,
568 1936 727 1974 possum
751 1922 830 1960 ullo
849 1929 961 1972 pacto
978 1923 1171 1974 suspicari.
1208 1925 1273 1963 Da
1290 1934 1336 1965 te

208 1977 368 2028 populo,
389 1977 585 2015 committe
603 1977 716 2016 ludis.
754 1975 921 2015 Sibilum
939 1977 1077 2016 metuis
1090 1978 1108 2014 ἱ)
1138 1979 1219 2016 Ubi
1238 1987 1330 2019 sunt

209 2037 344 2069 vestrae
361 2031 498 2068 scholae
511 2030 529 2066 ’ἓ
558 2043 607 2069 ne
625 2031 854 2069 acclametur
868 2031 885 2068 Ρ
914 2042 962 2068 118
975 2030 1016 2068 id
1027 2031 1186 2082 quidem
1196 2040 1252 2071 est
1262 2046 1331 2072 811..

209 2097 292 2123 rare
303 2084 533 2136 philosophi.
563 2085 712 2123 Manus.
720 2084 792 2123 tibi
804 2096 855 2122 ne
864 2083 1084 2132 afferantur,
1099 2085 1234 2124 times:
1261 2086 1334 2125 do·

209 2138 268 2177 101·
286 2138 389 2178 enim
408 2145 464 2177 est
480 2138 644 2186 malum,
665 2146 708 2177 ut
722 2137 918 2191 disputas=
949 2137 1194 2189 existimatio,
1213 2139 1331 2180 dede-
