1555 2433
327 492 408 546 Μ.
449 494 705 550 TULLII
746 497 1138 554 CICERONIS

499 640 728 682 ORATIO
757 643 959 684 XXXVI.

294 869 424 918 PRO
461 870 516 918 L.
548 870 893 922 CORNELIO
928 874 1166 923 BALBO.

634 1010 816 1049 -4-

505 1131 755 1171 ARGUME
761 1131 945 1171 NTUM.

167 1237 216 1277 L.
237 1237 514 1278 CORNELIUS
533 1240 720 1278 BALBus
743 1239 958 1279 Gaditanus
976 1239 1062 1279 fuit.
1093 1242 1149 1289 Is,
1161 1255 1275 1294 prop.

105 1326 114 1336 ,
162 1300 222 1331 ter
235 1305 388 1344 operam
405 1295 446 1332 in
464 1307 504 1332 re
518 1294 675 1331 militari
688 1294 895 1344 praestitam
908 1294 1108 1342 Romanis,
1124 1309 1147 1333 a
1159 1297 1276 1334 Pom-

163 1347 249 1399 peio
268 1347 428 1386 donatus
447 1356 502 1386 est
520 1348 668 1385 civitate
687 1348 865 1385 Roman&
878 1361 925 1386 ex
944 1349 1027 1399 lege
1040 1349 1167 1387 Gellia
1181 1350 1277 1388 Cor-

163 1400 276 1448 nemi,
298 1402 375 1452 qu&
395 1401 579 1452 Pompeio
608 1408 773 1452 potestas
791 1402 974 1452 permissa
992 1408 1084 1450 erat,
1104 1403 1275 1453 singilla..

160 1455 232 1493 tim
262 1455 448 1502 homines,
476 1455 523 1493 de
542 1455 686 1493 consilii
706 1455 903 1503 sententia,
925 1455 1073 1494 civitate
1091 1456 1273 1506 donandi,

160 1522 256 1560 quos
275 1509 397 1547 vellet.
427 1508 488 1547 Eo
506 1508 663 1560 praemio
681 1521 770 1546 cum
790 1516 883 1546 esset
909 1509 1146 1560 aliquamdiu
1165 1523 1272 1560 usus,

159 1563 410 1601 controversia
428 1562 461 1600 ei
479 1570 585 1600 mota
603 1569 658 1600 est
682 1562 729 1601 de
749 1562 897 1601 civitate
916 1576 938 1601 a
966 1563 1157 1601 Gaditano
1177 1578 1273 1615 quo-

155 1616 260 1654 dam.
290 1616 332 1654 Is
351 1616 501 1654 duobus
520 1616 753 1667 argumentis
773 1623 850 1654 erat
869 1630 974 1665 usus,
1000 1617 1139 1667 primo,
1167 1619 1273 1668 quod

156 1671 322 1722 populus
343 1670 556 1708 Gaditanus
574 1682 651 1708 non
670 1677 764 1708 esset
796 1672 824 1692 ‘⁶
836 1670 979 1709 fundus
999 1670 1148 1709 factus''
1175 1672 1272 1723 legis

158 1724 296 1763 Geffiae
314 1724 512 1774 Comeliae‚
533 1723 572 1761 h.
589 1737 620 1761 e.
642 1737 727 1762 eam
746 1736 822 1762 non
841 1724 1057 1763 adscivisset
1076 1733 1113 1763 et
1132 1738 1270 1777 appro-

153 1778 302 1817 basset:
333 1778 511 1827 secundo,
532 1777 636 1829 quod
653 1777 776 1816 foedus
796 1785 890 1816 esset
907 1791 997 1817 cum
1018 1779 1162 1830 populo
1189 1779 1270 1818 Ga-

152 1832 282 1871 ditano
293 1839 592 1878 sacrosanctum3
614 1831 716 1884 quod
728 1839 856 1870 autem
868 1840 1145 1871 sacrosanctum
1157 1840 1265 1881 esset,

151 1887 234 1935 ejus
253 1887 360 1924 nulla
377 1899 464 1937 pars
482 1886 615 1924 violari
632 1890 699 1923 aut
708 1885 856 1924 aufem·
873 1893 1010 1937 posset,
1030 1898 1155 1938 neque
1173 1886 1268 1925 adeo

150 1939 279 1978 liceret
290 1940 410 1979 civem
424 1939 624 1978 Gaditanis
638 1939 796 1978 auferre.
826 1931 1053 1978 Defensores
1065 1948 1198 1979 nactus
1210 1948 1266 1980 est

149 1993 299 2032 Balbus
318 1993 514 2043 Crassum,
543 1993 806 2045 Pompeium
794 2006 937 2055 ipsum,
964 2001 1001 2032 et
1027 1993 1263 2043 Ciceronem,

148 2060 173 2085 a
191 2060 268 2099 quo
286 2061 398 2086 causa
427 2055 481 2086 est
510 2055 693 2100 perorata.
723 2047 859 2086 Ontio
878 2048 960 2097 ejus
978 2047 1019 2085 in
1036 2047 1096 2086 his
1114 2047 1264 2087 duobus

147 2102 383 2152 argumentis
396 2101 642 2140 dissolvendis
653 2101 843 2153 imprimis
853 2108 1034 2139 versatur.
1065 2102 1171 2140 Nam
1184 2102 1265 2154 pri-

146 2167 214 2193 mo
227 2155 403 2205 ostendit,
418 2155 586 2194 fundum
602 2155 686 2194 fieri
702 2168 812 2207 posse
829 2155 1019 2217 populum
1036 2155 1264 2194 foederatum

146 2210 396 2307 αηὲὅίὓεωω
415 2222 711 2263 quemcumque,
741 2209 984 2263 permittente
1009 2210 1153 2263 populo
1179 2209 1262 2249 Ro-

261 2268 353 2313 rat)
373 2275 478 2306 vox..
501 2275 564 2305 lv.
965 2274 991 2301 Β
