1509 2397
384 98 450 137 IN
478 96 750 138 PISONEM.
781 96 886 136 CAP.
915 99 953 135 4.
1171 98 1223 136 33

116 203 209 256 ipse,
229 204 308 244 una
325 217 415 244 voce
433 214 470 244 et
487 219 670 245 consensu
689 206 922 258 approbavit.
967 204 1056 252 Quo
1071 204 1227 255 quidem

117 265 287 310 tempore
299 259 331 297 is
342 272 451 298 meus
464 261 626 298 domum
643 260 717 297 fuit
735 273 755 297 e
773 260 854 298 foro
872 259 1028 306 reditus,
1044 267 1088 296 ut
1099 271 1226 306 nemo,

117 311 191 349 nisi
209 313 277 364 qui
293 326 446 351 111000111
468 322 576 361 esset,
597 314 738 352 civium
758 326 836 352 esse
850 313 891 350 in
909 324 1068 351 numero
1086 312 1230 350 videre-

118 370 193 403 tur.
222 367 376 418 Atque
365 375 419 405 lta
436 375 491 406 est
509 381 532 405 a
549 380 612 405 me
632 368 848 405 consulatus
865 374 1053 418 peractus,
1071 373 1116 403 ut
1134 365 1232 403 nihil

119 418 200 457 5100
231 421 385 459 001151110
407 424 571 470 senatus,
602 421 700 458 1111111
724 434 801 459 non
826 422 1059 472 approbante
1081 420 1232 480 ,11011010

120 472 311 522 Romano,
341 476 508 526 egerim,
538 482 582 513 ut
609 487 758 526 semper
776 475 816 512 in
836 475 984 513 Rostris
1012 473 1171 520 curiam,
1190 473 1233 510 in

119 535 252 564 senatu
270 530 472 579 populum,
493 529 750 574 defenderim,
780 537 824 567 ut
842 528 1130 566 multitudinem
1145 540 1235 565 cum

121 580 370 641 principibus,
403 591 616 634 equestrem
651 583 823 621 ordinem
853 595 942 621 cum
967 589 1114 631 senatu,
1146 594 1236 619 con-

118 646 327 682 Junxenm.

177 689 253 726 IV.
282 690 460 742 Exposui
482 691 646 730 breviter
670 691 910 730 consulatum
933 688 1239 729 01011111.Αοᾱο

125 754 242 791 nunc,
263 754 286 780 0
303 743 429 782 furia!
461 745 508 783 de
525 752 593 783 tuo
611 745 757 783 dioere:
780 758 839 795 qu
831 747 888 783 ’05
899 745 994 783 fuit·
983 744 1138 782 mitium
1155 743 1240 780 ludi

127 795 397 847 Compitalicii,
428 806 513 837 tum
538 799 708 850 primum
726 799 816 837 facti
845 807 931 851 post
963 799 1011 836 L.
1032 797 1241 835 Metellum

127 856 165 887 et
184 849 235 897 Q.
255 850 452 890 lllarcium
479 853 665 901 00050105,
690 861 819 891 contra
845 852 1107 891 auctoritatem
1123 850 1242 900 hujus

126 903 291 942 ordinis:
314 918 410 956 quos
429 907 480 954 Q.
495 907 700 969 Metellus,
709 907 849 950 (facio
838 907 1021 957 injuriam
1039 904 1244 943 fortissimo

127 957 208 995 viro
221 967 386 1007 mortuo,
406 961 474 1012 qui
492 961 620 1022 illum,
640 962 750 1010 cujus
768 974 908 1012 paucos
926 973 1035 1012 pares
1053 959 1135 997 haec
1153 957 1245 997 civi-

128 1017 187 1048 tas
205 1012 307 1060 tulit,
328 1025 416 1051 cum
441 1015 513 1053 hac
541 1015 762 1066 importuna
793 1015 922 1053 bellua
952 1014 1160 1059 conferam)
1180 1011 1246 1050 sed

129 1063 208 1113 ille,
224 1065 442 1117 designatus
461 1069 607 1115 consul,
628 1081 717 1106 00111
736 1068 895 1120 quidam
913 1069 1090 1106 tribunus
1108 1065 1246 1118 plebis,

129 1131 198 1156 suo
209 1121 352 1158 auxilio
363 1122 578 1183 magistros,
593 1097 704 1161 ludos
718 1131 847 1160 contra
860 1125 1028 1160 senatus·
1030 1121 1247 1159 consultum

129 1171 266 1219 facere,
282 1174 466 1222 jussisset,
486 1177 657 1227 privatus
675 1177 757 1214 fieri
775 1177 918 1222 vetuit3
941 1183 1054 1227 atque
1069 1174 1123 1222 id,
1144 1172 1248 1225 quod

130 1226 304 1264 nondum
323 1237 506 1279 potestate
525 1238 685 1281 poterat,
706 1231 870 1268 obtinuit
889 1230 1120 1267 auctoritate.
1165 1227 1247 1273 Tu,

133 1291 222 1316 cum
264 1280 305 1317 in
343 1282 530 1320 Calendas
568 1284 597 1321 J
600 1296 774 1321 anuanas
811 1283 1130 1334 Compitaliorum
1169 1280 1249 1317 dies

130 1332 336 1380 incidisset,
367 1336 455 1373 Sex.
485 1336 681 1384 Clodium,
702 1337 771 1388 qui
798 1349 997 1387 nunquam
1018 1343 1128 1373 antea
1153 1347 1253 1384 111-10-

133 1393 302 1424 tentatus
325 1387 471 1436 fuisset,
496 1389 607 1427 ludos
635 1390 771 1438 faeere,
799 1397 835 1427 et
859 1396 1128 1440 praetextatum
1157 1386 1255 1425 voli-

134 1447 228 1487 tare,
248 1453 382 1491 passus
396 1454 449 1489 es,
464 1443 690 1479 hominem*
680 1455 892 1492 impurum,
914 1452 1028 1493 atque
1047 1454 1124 1479 non
1137 1439 1254 1478 modo

134 1493 243 1541 facie,
263 1495 330 1532 sed
349 1495 464 1533 etiam
483 1495 593 1532 oculo
611 1502 692 1542 tuo,
713 1495 994 1556 dignissimum.

188 1546 309 1598 Ergo,
328 1548 389 1586 his
415 1548 675 1586 fundamentis
693 1549 826 1599 positis
854 1550 1070 1587 consulatus
1095 1547 1166 1595 tui,
1187 1547 1255 1585 tri-

136 1600 213 1638 duo
231 1611 329 1652 post,
349 1602 581 1653 inspectante
596 1610 632 1640 et
650 1610 796 1641 tacente
813 1611 864 1650 te,
880 1616 903 1640 3
918 1603 964 1640 Ρ.
979 1602 1128 1649 Clodio,
1148 1601 1257 1639 fatali

136 1661 310 1705 portento
339 1656 588 1707 prodigioque
615 1656 845 1707 reipublieae,
873 1657 938 1695 lex
957 1657 1064 1694 AElia
1082 1663 1119 1693 et
1143 1655 1258 1692 Fufia

141 1721 270 1746 eversa
281 1718 358 1770 est,
377 1711 665 1761 propugnacula
687 1711 866 1762 murique
894 1709 1181 1761 tranquillitatis
1199 1715 1258 1746 at-

142 1774 218 1812 que
240 1763 330 1801 otii:
361 1764 532 1815 collegia,
552 1777 629 1802 non
649 1777 693 1802 ea
712 1765 836 1802 solum
855 1778 944 1816 quae
962 1772 1112 1802 senatus
1131 1769 1260 1800 sustu-

141 1814 252 1876 lerat,
271 1817 555 1863 105010135οᾶ
579 1818 873 1858 innumerabilia
891 1818 1069 1870 quaedam
1093 1829 1192 1854 nova
1210 1828 1260 1853 ex

144 1869 251 1906 omni
273 1870 365 1909 faece
382 1871 501 1919 urbis,
523 1884 565 1909 30
584 1872 746 1920 servitio,
763 1870 1002 1923 [concitata]
1043 1872 1110 1909 Ab
1126 1869 1260 1908 eodem

143 1921 338 1971 homines
327 1937 369 1962 10
387 1926 528 1976 stupris
539 1925 720 1964 inauditis
733 1926 962 1977 nefariisque
974 1931 1132 1972 versato,
1154 1930 1262 1961 vetus

145 1974 214 2013 illa
225 1978 407 2028 magistra
422 1978 578 2030 pudoris
597 1985 634 2017 et
656 1979 864 2028 modestiae,
886 1979 1061 2017 severitas
1078 1977 1260 2023 censoria,

150 2030 300 2069 sublata
328 2039 410 2078 est3
450 2045 541 2070 cum
571 2040 614 2070 tu
642 2032 810 2081 interim,
840 2035 999 2071 bustum
1028 2030 1262 2082 reipublicae,

149 2082 218 2132 qui
235 2090 273 2122 te
289 2085 484 2124 consulem
501 2094 586 2124 tum
605 2087 743 2125 Romae
762 2087 853 2125 dicis
871 2086 1000 2134 fuisse,
1024 2087 1138 2124 verbo
1163 2095 1265 2121 110οι

150 2147 267 2185 quam
280 2138 500 2189 significaris
515 2139 742 2179 sententiam
755 2148 863 2179 tuam
878 2140 992 2179 tantis
1002 2139 1043 2179 in
1056 2136 1265 2188 naufragiis

150 2187 322 2231 civitatis.
