1509 2397
172 56 247 92 140
396 53 510 92 PRO
540 51 875 92 MARCELLO.
906 52 1010 92 CAP.
1031 54 1072 92 3.

171 169 259 200 ante
287 161 463 213 adeptus,
491 161 636 199 socium
661 161 778 199 habes
803 160 1009 200 neminem.
1039 160 1189 199 Totum
1211 160 1300 208 hoc,

174 224 534 267 quantumcumque
553 224 622 263 est,
647 215 769 266 (quod
791 222 890 254 certe
910 215 1130 253 maximum
1149 221 1221 263 est)
1241 223 1299 253 ιο

175 278 261 308 tum
281 276 351 317 est,
371 269 548 321 inquam,
568 277 694 307 tuum.
725 269 838 308 Nihil
850 269 923 307 sibi
934 282 984 308 ex
995 269 1069 307 ista
1085 268 1201 307 laude
1215 281 1303 306 oen-

176 323 294 370 turio,
315 323 413 361 nihil
430 323 647 374 praefectus,
671 323 770 361 nihil
789 323 936 371 cohors,
955 323 1054 361 1111111
1073 330 1217 370 turma,
1238 322 1306 361 de-

177 377 308 429 cerpit.
338 377 447 425 Quin
467 377 582 415 etiam
606 378 704 415 illa
693 391 776 429 lpsa
800 390 930 415 rerum
953 377 1215 416 humanarum
1233 377 1304 415 do-

176 431 299 479 mina,
329 432 515 478 Fortuna,
547 432 589 469 in
615 431 724 470 istius
756 445 796 469 se
825 431 1041 470 societatem
1065 430 1197 482 gloriae
1229 442 1308 477 non

178 485 308 524 offert:
339 485 410 524 tibi
428 485 549 523 cedit:
576 493 684 523 tuam
705 497 785 523 esse
803 492 924 523 totam
943 492 981 524 et
997 485 1194 537 propriam
1210 484 1308 523 fate-

178 547 254 578 tur.
284 539 502 590 Nunquam
529 539 633 577 enim
658 541 851 577 temeritas
876 552 966 577 cum
991 539 1177 590 sapientia
1204 550 1310 577 com·-

179 593 374 639 miscetur,
393 605 463 631 nec
481 593 528 630 ad
549 593 750 631 consilium
770 606 879 632 casus
897 593 1125 631 admittitur.

238 647 322 685 ΙΙΙ.
352 647 550 685 Domuisti
572 654 702 697 gentes
727 646 968 685 immanitate
992 648 1188 693 barbaras,
1207 646 1313 686 mul-

184 701 348 740 titudine
366 700 677 748 innumerabiles,
690 700 782 738 locis
797 700 979 748 infinitas,
996 700 1103 739 omni
1116 700 1314 752 copiarum

183 768 320 806 genere
339 754 576 792 abundantes
593 768 603 792 :
634 754 699 792 sed
718 761 847 792 tamen
866 766 912 792 ea
929 754 1066 803 vicisti,
1094 767 1182 805 quae
1201 761 1316 792 natu-

185 822 268 847 ram
302 816 339 848 et
366 807 637 856 conditionem,
677 815 721 846 ut
752 807 854 846 vinci
883 815 1053 859 possent,
1090 808 1286 847 habebant
1299 822 1311 846 ε

187 863 296 900 nulla
325 870 381 901 est
409 862 512 900 enim
540 870 647 900 tanta
669 862 739 909 1115,
766 875 854 913 quae
878 874 956 900 non
978 861 1078 901 ferro
1101 875 1145 901 ac
1168 862 1315 901 viribus

187 916 377 955 debilitari
393 916 597 967 frangique
615 916 744 967 possit.
774 916 968 954 Animum
980 917 1145 963 vincere,
1163 916 1316 955 iracun-

185 970 291 1008 diam
301 970 489 1015 cohibere,
504 970 699 1008 victoriam
713 977 939 1021 temperare..
955 970 1230 1019 adversarium,
1244 982 1316 1008 no-

189 1024 349 1072 bilitate,
362 1023 530 1075 ingenio,
543 1024 683 1062 virtute
693 1031 952 1075 praestantem‚
965 1036 1043 1063 non
1062 1024 1178 1063 modo
1192 1024 1315 1063 extol-

186 1079 264 1117 lere
285 1079 490 1127 jacentem,
512 1078 577 1116 sed.
603 1078 718 1116 etiam
744 1078 978 1130 amplificare
1004 1079 1088 1128 ejus
1111 1078 1315 1130 pristinam

187 1132 443 1194 dignitatem3
473 1132 555 1170 haec
573 1132 642 1184 qui
659 1132 787 1179 faciat,
807 1144 885 1171 non
904 1145 975 1183 ego
989 1145 1079 1171 eum
1098 1145 1188 1171 cum
1207 1145 1315 1172 sum-

187 1186 263 1224 mis
282 1186 371 1224 viris
385 1198 579 1237 comparo,
595 1185 661 1224 sed
675 1161 916 1224 simillimum
936 1186 1022 1224 Deo
1038 1186 1182 1236 judico.

243 1241 397 1293 Itaque,
419 1240 464 1278 C.
485 1240 628 1287 Caesar,
647 1240 794 1278 bellicae
815 1248 893 1279 tuae
917 1240 1050 1279 laudes
1068 1240 1318 1279 celebrabun-

190 1302 254 1333 tur
267 1294 345 1332 illae
364 1293 521 1346 quidem
533 1306 610 1332 non
625 1295 751 1332 solum
770 1293 923 1342 nostris,
939 1295 1004 1333 sed
1018 1307 1128 1346 paene
1141 1294 1318 1334 omnium

190 1348 380 1400 gentium,
400 1348 519 1386 literis
548 1357 663 1399 atque
684 1347 854 1399 linguis;
885 1361 1010 1400 neque
1034 1349 1117 1387 ulla
1140 1361 1317 1400 unquam

191 1410 282 1441 aetas
293 1402 341 1440 de
354 1402 432 1440 tuis
441 1402 622 1441 laudibus
633 1402 864 1441 conticescet.
894 1402 971 1442 Sed
984 1411 1113 1441 tamen
1129 1402 1318 1453 ejusmodi

190 1470 264 1504 res,
291 1456 416 1495 nescio
443 1456 651 1508 quomodo,
671 1457 787 1494 etiam
812 1470 902 1495 cum
926 1457 1123 1508 leguntur,
1150 1458 1319 1510 obstrepi

192 1511 357 1549 clamore
368 1510 538 1549 militum
550 1510 741 1558 videntur,
755 1518 792 1549 et
809 1513 991 1549 tubarum
1007 1524 1110 1550 sono.
1139 1511 1199 1549 At
1213 1524 1316 1559 vero,

191 1577 282 1602 cum
307 1564 454 1616 aliquid
486 1565 702 1613 clementer,
732 1573 946 1615 mansuete,
974 1566 1091 1615 juste,
1106 1564 1316 1614 moderate,

191 1618 379 1678 sapienter
404 1618 566 1666 factum,
594 1619 651 1662 (in
676 1618 874 1658 iracundia
901 1619 1126 1670 praesertim,
1147 1632 1235 1670 quae
1260 1627 1317 1658 aet

192 1672 348 1709 inimica
367 1672 537 1719 consilio,
565 1680 602 1710 et
626 1673 667 1710 in
687 1673 858 1722 victoria,
878 1686 966 1725 quae
987 1674 1127 1712 natura
1150 1673 1318 1712 insolens

192 1732 230 1764 et
249 1728 413 1776 superba
431 1734 502 1774 est)
522 1734 590 1764 aut
607 1727 802 1775 audimus,
825 1735 894 1766 aut
916 1727 1110 1778 legimus;
1141 1740 1219 1779 quo
1237 1735 1319 1766 stu-

191 1779 256 1817 dio
273 1779 527 1828 incendimur,
548 1793 625 1818 non
644 1781 788 1820 modo
777 1794 818 1819 m
837 1781 951 1833 gestis
968 1783 1096 1829 rebus,
1117 1781 1181 1820 sed
1200 1781 1317 1820 etiam

190 1833 233 1871 in
251 1833 362 1881 fictis,
377 1841 423 1872 ut
441 1846 504 1872 eos
523 1847 635 1885 saepe,
649 1848 746 1887 quos
763 1847 965 1887 nunquam
979 1835 1160 1883 vidimus,-
1180 1835 1318 1886 diliga-

193 1887 307 1926 mus!
349 1887 411 1926 Te
439 1900 542 1935 vero,
569 1902 686 1940 quem
709 1897 936 1940 praesentem
964 1889 1176 1937 intuemur,
1206 1890 1318 1939 cujus

193 1949 365 1980 mentem
384 1954 591 1994 sensusque
609 1950 646 1980 et
659 1955 700 1980 os
718 1943 922 1991 cernimus,
938 1951 997 1991 ut,
1017 1943 1207 1995 quidquid
1224 1943 1319 1981 belli

194 1995 349 2033 fortuna
365 1996 558 2048 reliquum
585 1996 802 2048 reipublicae
824 1997 968 2046 fecerit,
998 1997 1039 2035 id
1063 2010 1142 2036 esse
1165 1997 1317 2043 salvum

196 2049 303 2097 velis,
324 2050 465 2101 quibus
482 2050 662 2089 laudibus
673 2051 873 2090 efferemus
886 2054 903 2090 ?
928 2051 1069 2102 quibus
1080 2050 1216 2090 studiis
1229 2063 1318 2103 pro-

195 2116 399 2154 sequemur
413 2107 431 2143 ?
457 2104 535 2155 qua
549 2105 810 2144 benevolentia
827 2107 1124 2157 complectemur
1141 2107 1158 2144 Ρ
1189 2105 1320 2144 Parie-

196 2165 265 2204 tes,
289 2157 437 2197 medius
461 2159 589 2205 fidius,
617 2162 677 2202 (ut
706 2159 803 2198 mihi
829 2158 1024 2207 videntur)
1049 2159 1167 2209 hujus
1188 2159 1317 2207 curiae,
