1509 2397
501 487 733 529 ORATIO
764 489 882 529 LVI.

388 745 460 794 IN
495 745 567 794 M.
608 746 973 797 ANTONIUM

396 886 630 938 Philippica
653 887 973 933 Quartadecima.

590 1013 774 1052 —4—

459 1136 909 1177 ARGUMENTUM.

111 1244 343 1295 ALLA’ns,
363 1245 412 1285 de
429 1245 565 1298 proelio
583 1245 634 1284 ad
653 1244 856 1284 Mutinam
876 1246 1095 1294 commisso,
1115 1246 1245 1287 Anto-

109 1300 253 1352 nioque
271 1301 384 1350 victo,
404 1300 527 1338 literis
541 1300 746 1339 consulum
762 1307 799 1338 et
815 1300 990 1350 Caesaris,
1008 1300 1070 1340 M.
1092 1301 1244 1340 Cornu-

108 1361 185 1401 tus,
205 1362 346 1406 praetor
363 1356 551 1403 urbanus,
573 1353 661 1406 (qui
680 1354 878 1393 consulare
895 1367 1056 1404 munus,
1075 1357 1243 1395 absenti-

107 1409 182 1447 bus
199 1409 435 1458 consulibus,
455 1421 564 1447 more
577 1408 772 1458 majorum
787 1409 1015 1457 sustinebat)
1031 1422 1121 1448 cum
1133 1422 1242 1449 sena-

108 1468 195 1501 tum
215 1463 398 1511 vocasset,
419 1476 559 1515 easque
576 1462 706 1502 literas
724 1463 932 1512 recitasset,
949 1464 1154 1503 sententias
1179 1478 1242 1504 ro-

104 1517 224 1568 gavit.
245 1517 356 1566 Quid
367 1517 433 1556 alii
447 1517 676 1565 censuerint,
693 1517 762 1569 qui
774 1525 863 1556 ante
878 1517 1102 1557 Ciceronem
1116 1520 1241 1570 rogati

104 1579 212 1620 sunt,
232 1573 440 1611 obscurum
460 1579 540 1611 est:
571 1583 673 1610 unus
687 1579 818 1610 tamen
837 1586 886 1611 ex
902 1572 963 1622 iis,
979 1572 1236 1623 redeundum,

102 1626 205 1678 sagis
223 1626 420 1679 depositis,
441 1626 492 1664 ad
509 1634 632 1677 togas,
645 1626 828 1679 idemque
838 1627 1014 1675 fortasse,
1030 1627 1236 1666 decernen-

101 1679 194 1719 dam
226 1681 448 1720 consulibus
479 1688 516 1720 et
539 1681 681 1720 Caesari
710 1681 1044 1733 supplicationem,
1074 1681 1235 1720 censuit.

99 1734 298 1774 Sententia
316 1748 405 1774 vero
431 1735 625 1775 Ciceronis
643 1735 725 1774 haec
739 1735 815 1774 fuit
831 1750 842 1774 :
872 1747 951 1774 non
979 1748 1058 1775 esse
1076 1743 1234 1775 mutan-

98 1788 196 1828 dum
215 1790 412 1840 vestitum,
429 1789 503 1829 nisi
523 1789 576 1827 D.
591 1789 731 1838 Bruto,
746 1790 859 1840 cujus
869 1790 985 1829 causa
996 1803 1089 1842 saga
1103 1798 1235 1830 sumta

95 1851 234 1893 essent,
253 1845 438 1884 liberato:
469 1844 706 1893 Antonium,
727 1844 874 1896 quique
893 1844 972 1884 un&⁴
991 1852 1128 1892 essent,
1142 1845 1232 1884 hos-

97 1904 153 1936 ιω
168 1899 422 1961 judicandos:
444 1899 766 1952 supplicationem
781 1898 1067 1951 quinquaginta
1077 1899 1230 1938 dierum

94 1954 354 1993 communiter
387 1954 511 1993 tribus
548 1953 712 1992 ducibus
747 1953 1049 1992 decernendam.
1086 1953 1231 1993 milites

96 2018 174 2056 eos,
195 2009 264 2060 qui
285 2022 356 2061 pro
381 2008 580 2061 republica
598 2015 815 2060 pugnantes
840 2007 1076 2057 interierant,
1102 2008 1230 2047 moni-

96 2070 230 2101 mento
249 2076 370 2116 quam
388 2062 629 2116 amplissimo
647 2061 974 2109 cohonestandos3
1003 2076 1170 2116 quaeque
1183 2062 1233 2102 iis

93 2116 256 2166 praemia
281 2126 435 2157 senatus
459 2117 702 2170 promiserat,
735 2130 780 2156 ea
809 2117 1050 2169 parentibus,
1081 2117 1230 2167 liberis,

92 2171 338 2224 conjugibus,
359 2172 555 2223 fratribus,
576 2185 710 2212 eoum
729 2172 879 2225 persolv
881 2171 991 2212 enda.
