1509 2397
242 72 324 111 302
459 67 799 110 PHILIPPICA
827 67 928 109 VII.
958 68 1064 109 CAP.
1093 69 1132 108 6.

245 178 356 228 dum,
375 191 494 231 quam
519 176 742 229 turpitud03
772 184 902 216 tamen
931 176 1089 217 offendit
1112 175 1260 217 animos
1279 189 1363 217 ma·

242 234 337 284 joris
355 234 473 284 partis
491 233 694 271 hominum
711 232 846 283 magis.

300 287 376 326 VI.
399 287 574 326 Poteritis
588 286 705 337 igitur
718 286 955 337 exploratam
966 285 1106 324 habere
1116 298 1264 338 pacem,
1274 298 1364 325 cum

246 341 288 380 in
307 341 457 379 civitate
474 340 695 379 Antonium
713 339 901 388 videbitis,
918 340 978 378 vel
995 339 1123 391 potius
1140 340 1332 379 Antonios
1345 342 1365 379 ?

248 395 322 433 nisi
340 395 436 433 forte
455 394 694 433 contemnitis
714 393 894 431 Lucium.
937 393 1024 444 Ego
1042 406 1091 432 ne
1113 394 1253 432 Caium
1279 394 1367 446 qui-

252 449 353 488 dem.
384 449 459 487 Sed
480 452 540 489 (ut
565 447 690 491 video)
710 447 969 485 dominabitur
988 447 1158 486 Lucius:
1189 455 1246 486 est
1264 448 1368 486 enim

251 510 472 555 patronusi
454 502 621 540 XXXV
644 501 830 549 tribuum,
858 513 1038 552 quarum,
1069 514 1140 539 sua
1162 501 1260 552 lege,
1292 516 1371 553 qua

253 569 343 595 cum
362 556 407 594 C.
429 556 576 594 Caesare
595 555 838 605 magistratus
857 554 1019 605 partitus
1045 562 1114 604 est,
1141 555 1371 607 suffragium

254 610 435 655 sustulit;
465 617 648 660 patronus
668 609 924 646 centuriarum
943 608 1132 659 equitum,
1163 622 1259 660 quas
1277 609 1374 648 item

258 665 338 703 sine
358 663 537 714 suffragio
563 675 641 701 esse
660 662 806 700 voluit·
795 691 808 708 ‚
836 669 1019 713 patronus
1045 675 1192 710 eorum,
1219 663 1288 715 qui
1305 664 1375 701 tri.

254 718 351 757 buni
369 717 551 755 militares
570 716 749 762 fuerunt3
770 722 953 767 patronus
965 716 990 754 J
996 716 1060 754 ani
1070 717 1200 755 medii.
1229 717 1345 756 ODii
1360 718 1376 756 ἰ

257 771 343 823 quis
374 772 491 820 hujus
520 770 727 822 potentiam
760 770 898 821 poten't
921 770 1106 809 sustinere
1117 771 1136 807 ?
1164 771 1379 822 praesertim

256 839 348 864 cum
367 825 518 864 eosdem
536 824 576 862 in
589 837 697 876 agros
717 824 831 862 etiam
850 824 1060 862 deduxerit.
1091 824 1191 873 Quis
1202 837 1380 876 unquam

259 892 392 917 omnes
419 879 572 917 tribus?
603 879 689 929 quis
715 878 860 929 equites
886 878 1115 917 Romanos?
1145 879 1232 930 quis
1256 879 1384 917 tribu-

261 945 330 971 nos
347 933 530 971 militares
543 935 561 971 ἶ)
600 932 862 970 Gracchorum
881 931 1092 983 potentiam
1111 933 1297 982 majorem
1315 933 1386 971 fu-

263 987 336 1026 isse
355 986 606 1034 arbitramini,
631 998 750 1037 quam
771 987 889 1034 hujus
913 985 1132 1036 gladiatoris
1150 986 1282 1025 futura
1303 987 1386 1026 sit?

261 1054 380 1093 quem
411 1040 661 1091 gladiatorem
690 1052 767 1077 non
796 1040 851 1078 ita
879 1040 1083 1091 appellavi⁷
1112 1046 1157 1078 ut
1188 1040 1386 1079 interdum

264 1095 381 1133 etiam
401 1094 461 1132 M.
482 1094 678 1132 Antonius
697 1093 885 1144 gladiator
907 1094 1091 1145 appeHari
1117 1093 1225 1141 solet,
1253 1094 1319 1133 sed
1337 1101 1387 1132 ut

265 1148 488 1200 appellant
478 1148 518 1195 ii,
534 1148 601 1199 qui
619 1148 732 1198 plane
745 1155 781 1185 et
796 1147 935 1185 Latine
946 1148 1169 1198 loquuntur.
1191 1123 1388 1187 Blimina

265 1202 306 1240 in
326 1202 424 1240 Asia
443 1202 687 1253 depugnavit.
718 1201 821 1240 Cum
839 1201 1007 1239 ornasset
1021 1200 1256 1240 Threcidicis
1266 1201 1393 1240 comi--

266 1264 346 1294 tem
373 1263 410 1293 et
428 1255 657 1293 familiarem
676 1268 804 1302 suum,
831 1255 945 1292 illum
969 1255 1154 1293 miserum
1171 1255 1389 1307 fugientem

264 1310 460 1361 jugulavit
474 1324 486 1347 ι
516 1310 752 1347 luculentam
764 1316 892 1347 tamen
906 1309 987 1360 ipse
1000 1309 1157 1360 plagam
1171 1310 1328 1362 accepit,
1343 1316 1388 1348 ut

272 1363 438 1402 declarat
457 1363 624 1401 cicatrix.

324 1417 407 1465 Qui
425 1417 653 1455 familiarem
666 1415 866 1468 jugularit,
880 1416 974 1469 quid
987 1416 1063 1466 hic,
1078 1416 1272 1456 occasione
1282 1415 1384 1467 data,

270 1470 383 1510 faciet
401 1471 556 1509 inimico
573 1473 590 1510 Σ)
620 1478 658 1509 et
669 1472 737 1523 qui
755 1471 853 1508 illud
872 1471 991 1509 animi
1003 1471 1116 1509 causa
1127 1471 1269 1519 fecerit,
1282 1472 1387 1511 hunc

270 1524 410 1576 praedae
440 1525 553 1563 causa
581 1525 676 1576 quid
702 1525 895 1563 facturum
924 1525 1067 1575 putatis
1083 1527 1101 1564 ,9
1142 1525 1235 1563 Non
1260 1539 1398 1564 rursus

272 1579 466 1630 improbos
478 1578 714 1617 decuriabit?
734 1591 810 1617 non
823 1578 1038 1617 sollicitabit
1052 1591 1180 1617 rursus
1196 1580 1361 1630 agrarios
1370 1581 1389 1619 ?

273 1644 352 1670 non
371 1640 516 1684 quaeret
534 1633 743 1684 expulsos?
774 1632 835 1670 M.
852 1645 939 1671 vero
957 1632 1153 1670 Antonius
1164 1645 1242 1670 non
1260 1633 1292 1671 is
1304 1633 1389 1682 erit,

345 1699 462 1737 quem
479 1687 586 1724 omni
614 1694 722 1724 motu
741 1699 943 1725 concursus
961 1686 1029 1724 fiat
1054 1686 1195 1724 civium
1223 1687 1393 1737 perdito-

275 1739 387 1778 rum?
417 1740 475 1778 Ut
492 1752 605 1778 nemo
624 1740 672 1778 sit
685 1741 796 1786 alius,
810 1740 883 1778 nisi
900 1739 972 1788 ini,
986 1740 1054 1791 qui
1072 1738 1150 1778 una
1167 1749 1270 1789 sunt,
1285 1747 1321 1779 et
1335 1740 1391 1789 hi,

278 1793 346 1845 qui
363 1794 429 1831 hic
448 1793 482 1832 ei
500 1805 602 1832 nunc
616 1802 743 1844 aperte
753 1794 901 1839 favent3
924 1806 1111 1845 parumne
1122 1801 1233 1832 erunt
1243 1794 1359 1832 multi
1372 1797 1391 1834 ¹?

278 1847 487 1899 praesertim
507 1860 596 1885 cum
625 1849 813 1886 bonorum
842 1847 1017 1899 praesidia
1038 1848 1227 1896 cesserint,
1247 1848 1305 1886 illi
1325 1861 1401 1899 pa-

280 1901 353 1939 rati
379 1901 455 1939 sint
473 1900 521 1939 ad
539 1909 680 1939 nutum
699 1902 850 1940 futuri?
891 1901 979 1952 Ego
997 1914 1084 1940 vero
1102 1909 1246 1949 metuo,
1268 1902 1298 1940 si
1323 1901 1402 1940 hoc

281 1962 453 2005 tempore
471 1955 625 1993 oonsilio
643 1955 742 2007 lapsi
769 1956 923 2003 erimus,
955 1968 1003 1993 ne
1027 1955 1085 1992 illi
1103 1955 1208 1994 brevi
1226 1963 1396 2007 tempore

282 2009 398 2046 nimis
426 2009 541 2046 multi
570 2009 678 2047 nobis
708 2022 786 2047 esse
810 2009 1020 2047 videantur.
1050 2009 1092 2046 N
1094 2021 1134 2047 ec
1162 2021 1231 2060 ego
1262 2021 1396 2060 pacem

284 2063 398 2100 nolo:
420 2062 485 2100 sed
503 2063 605 2114 pacis
624 2063 778 2101 nomine
788 2063 935 2101 bellum
946 2063 1165 2101 involutum
1178 2062 1397 2102 reformido.

285 2116 431 2163 Quare,
458 2116 490 2154 si
514 2130 606 2169 pace
630 2116 707 2155 frui
726 2117 918 2165 volumus,
943 2117 1090 2156 bellum
1107 2116 1317 2167 gerendum
1332 2123 1406 2156 est.

286 2169 328 2209 si
348 2170 493 2207 bellum
512 2171 733 2210 omittemus
767 2183 859 2223 pace
877 2183 1078 2223 nunquam
1097 2170 1281 2210 fruemur.
