1509 2397
371 81 488 123 PRO
516 82 855 123 MARCELLO.
882 83 989 124 CAP.
1013 84 1075 122 11.
1209 82 1284 132 147

162 190 370 230 obscuritas
392 191 587 243 quaedam,
611 199 691 230 erat
713 200 904 230 certamen
933 192 1034 229 inter
1059 190 1287 230 clarissimos

162 243 301 283 duces:
322 246 437 283 multi
449 246 690 293 dubitabant,
704 246 799 297 quid
810 246 1002 297 optimum
1017 253 1136 291 esset;
1157 245 1288 292 multi,

163 298 258 349 quid
285 298 357 337 sibi
383 299 606 351 expediret3
637 300 766 348 multi,
791 300 886 351 quid
909 300 1081 344 deceret;
1112 299 1292 337 nonnulli

164 352 296 400 etiam,
310 353 406 404 quid
423 353 563 392 liceret.
596 354 804 392 Perfuncta
822 354 1037 405 respublica
1055 360 1110 391 est
1127 353 1200 391 hoc
1216 353 1291 391 mi-

161 418 243 444 sero
261 406 447 459 fatalique
466 408 592 446 bello:
625 408 713 447 vicit
723 408 770 456 is,
788 408 946 459 quinon
966 407 1120 445 fortuna
1138 407 1291 445 inflam-

161 468 284 499 maret
303 461 436 500 odium
456 475 587 510 suum,
596 462 668 500 >sed
681 462 849 501 bonitate
863 462 998 500 leniret
1011 475 1022 507 ;
1043 474 1113 500 nec
1124 461 1193 512 qui
1205 473 1289 498 om-

160 525 240 562 nes,
273 515 414 566 quibus
441 516 562 554 iratus
594 524 703 560 esset..
731 516 883 555 eosdem
914 516 1029 554 etiam
1058 515 1192 554 exsilio
1221 522 1291 553 aut

158 575 282 606 morte
296 569 431 621 dignos
442 570 641 620 judicaret.
671 571 798 609 Arma
817 572 865 608 ab
886 570 970 608 aliis
988 570 1127 621 posita,
1141 570 1189 607 ab
1205 568 1289 607 aliis

162 630 289 674 erepta
308 632 409 662 sunt.
450 624 631 675 Ingratus
657 632 713 663 est
730 625 974 676 injustusque
992 624 1097 671 civis,
1126 623 1208 675 qui,
1229 636 1289 661 ar-

159 689 315 714 morum
333 679 502 729 periculo
516 679 712 727 liberatus,
729 679 902 717 animum
926 686 1054 716 tamen
1074 677 1211 715 retinet
1229 690 1290 714 ar-

159 738 338 777 matum;
368 739 413 770 ut
432 732 547 771 etiam
565 733 631 771 ille
655 733 703 771 sit
722 733 871 780 melior,
893 732 961 784 qui
979 732 1020 769 in
1040 731 1119 770 acie
1138 730 1286 779 cecidit,

160 784 227 835 qui
246 784 286 822 in
306 787 420 824 caus&⁴
438 786 609 824 animam
627 786 810 838 profudit.
842 786 943 834 Quae
962 786 1065 824 enim
1084 784 1293 836 pertinacia

161 838 408 889 quibusdam,
426 840 558 879 eadem
578 841 661 879 aliis
676 840 901 887 constantia,
919 840 1038 879 videri
1050 847 1186 892 potest.
1212 838 1291 877 Sed

159 893 244 941 jam
275 895 399 932 omnis
431 894 552 933 fracta
582 894 766 933 dissensio
792 902 848 933 est
879 894 1010 942 armis,
1038 900 1076 932 et
1105 893 1291 932 exstincta

161 947 341 998 aequitate
360 948 509 987 victoris
525 963 535 987 :
566 955 695 997 restat,
718 955 761 986 ut
779 961 910 987 omnes
929 961 1054 986 unum
1066 947 1198 994 velint,
1219 946 1288 999 qui

159 1000 275 1039 modo
293 1001 437 1040 habent
448 1003 609 1055 aliquid,
630 1015 707 1041 non
723 1003 848 1041 solum
863 1002 1072 1054 sapientiae,
1095 1001 1160 1040 sed
1172 1001 1288 1040 etiam

160 1055 343 1094 sanitatis.
373 1056 464 1095 Nisi
483 1067 533 1105 te,
556 1057 601 1096 C.
622 1057 763 1106 Caesar,
785 1057 904 1105 salvo,
927 1065 964 1095 et
982 1057 1022 1094 in
1046 1056 1119 1094 ista
1138 1062 1289 1094 senten-

157 1109 228 1156 tia,
256 1111 335 1162 qu‘ssa
354 1123 443 1148 cum
464 1118 589 1159 antea,
610 1118 696 1149 tum
715 1111 829 1150 hodie
854 1111 914 1149 vel
933 1110 1104 1149 maxime
1122 1123 1214 1148 usus
1233 1123 1287 1158 es,

159 1172 354 1213 manente,
371 1165 466 1203 salvi
485 1178 564 1204 esse
579 1178 657 1203 non
676 1178 890 1217 possumus.
922 1164 1055 1215 Quare
1074 1176 1206 1202 omnes
1234 1171 1286 1211 te,

151 1217 228 1269 qui
247 1218 328 1257 haec
347 1219 452 1257 salva
470 1232 549 1258 esse
567 1220 762 1267 volumus,
783 1226 820 1258 et
842 1219 1042 1257 hortamur
1061 1225 1098 1256 et
1116 1220 1290 1257 obsecra-

158 1282 261 1320 mus,
293 1279 337 1310 ut
362 1272 463 1321 vitae,
496 1281 540 1311 ut
571 1274 698 1320 saluti,
734 1281 811 1311 tuae
839 1273 1039 1311 consulas:
1078 1283 1289 1323 omnesque

158 1325 244 1374 tibi,
266 1328 327 1369 (ut
341 1339 410 1378 pro
429 1326 512 1365 aliis
531 1326 646 1365 etiam
665 1327 815 1378 loquar,
837 1326 942 1378 quod
960 1325 1008 1364 de
1025 1338 1089 1364 me
1107 1325 1187 1377 ipse
1205 1338 1291 1364 sen-

159 1379 230 1427 tio)
251 1380 435 1431 quoniam
455 1383 606 1419 subesse
628 1381 776 1432 aliquid
800 1389 929 1432 putas,
950 1380 1055 1431 quod
1074 1379 1288 1418 cavendum

159 1432 222 1481 sit,
243 1446 322 1472 non
348 1434 463 1472 modo
490 1435 669 1473 excubias
687 1442 724 1473 et
743 1435 947 1481 custodias,
975 1434 1041 1472 sed
1059 1433 1174 1472 etiam
1192 1434 1289 1472 late-

160 1500 249 1525 rum
269 1496 484 1527 nostrorum
505 1489 700 1540 oppositus
719 1497 756 1527 et
775 1501 991 1540 corporum,
1011 1487 1250 1539 pollicemur.

214 1541 291 1580 XI.
309 1542 398 1590 Sed,
412 1543 515 1581 unde
531 1550 586 1580 est
597 1556 694 1590 orsa,
708 1543 749 1580 in
764 1543 897 1581 eodem
913 1542 1141 1580 terminetur
1151 1541 1284 1580 oratio.

161 1595 361 1634 Maximas
379 1596 449 1635 tibi
469 1609 600 1635 omnes
613 1597 754 1648 gratias
773 1596 938 1648 agimus,
960 1596 1005 1634 C.
1028 1596 1181 1641 Caesar3
1202 1608 1287 1634 ma-

154 1650 257 1700 jores
287 1650 403 1688 etiam
429 1651 626 1689 habemus.
667 1651 774 1689 Nam
803 1663 935 1688 omnes
961 1649 1065 1688 idem
1089 1650 1285 1696 sentiunt3

159 1704 264 1756 quod
283 1717 330 1742 ex
350 1705 526 1743 omnium
544 1705 720 1757 precibus
747 1716 784 1743 et
806 1704 986 1756 lacrymis
1015 1704 1152 1742 sentire
1173 1711 1287 1756 potu-

158 1757 234 1796 isti.
265 1758 354 1807 Sed,
376 1759 468 1810 quia
486 1771 563 1797 non
583 1766 639 1797 est
658 1759 847 1797 stantibus
866 1758 1045 1797 omnibus
1061 1770 1214 1796 >necesse
1228 1758 1287 1796 di-

160 1824 243 1850 cere
257 1826 269 1858 ς
299 1826 322 1850 a
340 1825 403 1850 me
423 1821 521 1851 certe
539 1813 614 1859 dici
626 1813 774 1860 volunt,
791 1813 854 1851 cui
868 1825 1017 1851 necesse
1030 1819 1086 1850 est
1099 1811 1286 1863 quodam-

159 1866 289 1915 modo,
315 1874 353 1904 et
377 1867 482 1918 quod
501 1868 648 1914 volunt,
674 1874 711 1905 et
739 1866 844 1918 quod
867 1867 987 1913 decet,
1009 1873 1046 1904 et
1069 1866 1173 1917 quod
1204 1866 1283 1908 (M.

161 1919 349 1958 Marcello
368 1934 391 1958 a
410 1931 447 1958 te
464 1921 556 1959 huic
575 1921 699 1958 ordini
716 1921 937 1972 populoque
956 1921 1135 1958 Romano
1155 1927 1194 1958 et
1211 1920 1284 1958 rei-

160 1974 325 2025 publicae
343 1974 506 2019 reddito)
530 1973 740 2026 [praecipue
758 1974 799 2012 id
818 1988 841 2012 a
857 1987 921 2012 me
940 1973 1022 2012 fieri
1040 1974 1194 2025 debere]
1225 1973 1285 2011 in-

162 2027 304 2079 telligo.
334 2028 442 2066 Nam
460 2028 581 2066 laetari
609 2041 755 2078 omnes,
775 2041 854 2067 non
879 2036 924 2066 ut
942 2027 989 2066 de
1007 2027 1122 2066 unius
1144 2028 1284 2076 solum,

160 2081 227 2120 sed
245 2088 290 2120 ut
307 2081 356 2120 de
373 2083 570 2121 communi
588 2082 764 2120 omnium
783 2083 918 2131 salute,
932 2081 1076 2120 sentio:
1099 2082 1202 2133 quod
1217 2095 1286 2119 au-

163 2141 240 2172 tem
259 2148 424 2174 summae
441 2137 714 2175 benevolentiae
733 2144 803 2184 est,
832 2133 936 2188 (quae
955 2148 1042 2174 mea
1068 2148 1157 2186 erga
1172 2135 1285 2173 illum

162 2189 343 2230 omnibus
363 2203 513 2242 semper
530 2197 621 2229 nota
639 2190 729 2240 suit,
756 2198 801 2228 ut
820 2190 885 2229 vix
905 2190 950 2229 C.
969 2189 1171 2238 Marcello,
1191 2189 1289 2241 opti-
