1509 2397
551 423 781 463 ORATIO
810 424 930 464 LIII.

453 657 524 705 IN
560 658 634 705 Μ.
668 657 1040 706 ANTONIUM

508 801 736 852 Philippica
756 802 978 840 Undecima.

669 915 814 941 qa».-

519 1016 964 1056 ARGUMENTUM.

187 1125 484 1166 OBTINENTE
509 1125 645 1164 Asiam
675 1126 910 1178 provinciam
940 1125 984 1165 C.
1006 1125 1215 1173 Trebonio,
1244 1125 1310 1164 de-

189 1188 332 1220 cretam
350 1194 373 1218 a
393 1188 527 1219 senatu
554 1188 640 1232 post
659 1180 818 1219 Caesaris
835 1180 1060 1227 interitum3
1090 1180 1310 1228 Dolabella,

185 1235 227 1273 in
247 1234 414 1286 Syriam,
440 1235 606 1272 Antonii
633 1235 705 1273 sibi
731 1235 816 1286 lege
843 1234 1036 1282 traditam,
1057 1233 1296 1285 proficiscens

186 1301 277 1327 cum
314 1288 508 1326 Trebonio
546 1288 841 1327 familiarissime
880 1289 1103 1336 collocutus,
1145 1300 1313 1338 eumque

185 1355 349 1381 summae
367 1342 640 1381 benevolentiae
660 1343 902 1381 simulatione
922 1342 1160 1393 complexus,
1181 1341 1313 1379 incau-

186 1403 274 1434 tum
302 1397 479 1448 Smyrnae
507 1397 694 1448 oppressit
721 1404 836 1448 atque
864 1396 1078 1442 interfecit;
1110 1403 1146 1434 et
1172 1395 1314 1434 Asiam

186 1451 405 1489 universam
432 1450 642 1502 occupavit.
678 1451 766 1490 Hoc
788 1451 924 1489 nuntio
953 1451 1124 1489 Romam
1146 1449 1309 1501 perlato,

186 1512 338 1544 senatus
363 1505 512 1543 hostem
532 1505 779 1543 Dolabellam
801 1505 1001 1554 judicavit,
1027 1504 1206 1555 belloque
1223 1515 1311 1555 per-

183 1559 423 1611 sequendum
453 1559 611 1597 censuit.
647 1558 737 1607 sed,
762 1572 852 1597 cum
877 1560 959 1608 ejus
986 1558 1078 1596 belli
1106 1571 1210 1604 cura,
1233 1569 1312 1595 non

182 1613 271 1652 satis
295 1620 495 1662 constaret,
512 1613 574 1651 cui
594 1613 814 1652 mandanda
828 1613 1032 1661 videretur,
1049 1625 1138 1650 cum
1158 1611 1223 1649 alii
1243 1611 1313 1648 ali-

181 1674 239 1706 ter
251 1667 459 1713 sentirent3
481 1667 628 1715 Cicero,
645 1667 841 1719 deplorata
855 1666 962 1719 prius
973 1665 1159 1705 Trebonii
1172 1672 1310 1713 morte,

180 1721 451 1773 imperatorem
481 1721 638 1759 omnino
667 1721 712 1760 C.
748 1721 941 1768 Cassium,
972 1721 1040 1772 qui
1065 1719 1312 1759 Dolabellam

181 1775 282 1814 terra
296 1776 470 1828 marique
485 1782 790 1828 persequeretur,
801 1789 880 1814 esse
891 1774 1139 1827 deligendum
1152 1772 1311 1812 censuit.

182 1829 234 1868 In
248 1843 367 1891 quam
379 1830 607 1868 sententiam
618 1837 662 1868 ut
674 1833 844 1868 senatus·
847 1830 1067 1869 consultum
1081 1841 1159 1867 esse
1167 1828 1313 1866 factum

182 1884 458 1932 existimemus,
488 1884 548 1923 his
576 1884 720 1923 Velleii
751 1884 874 1923 verbis
907 1883 1047 1922 adduci
1077 1894 1309 1934 possumus:

184 1939 214 1960 “
233 1938 358 1976 Bruto
378 1938 585 1990 Cassioque
611 1938 829 1990 provinciae,
850 1951 946 1990 quas
961 1939 1043 1988 jam
1063 1937 1137 1990 ipsi
1155 1936 1235 1976 sine
1254 1948 1311 1974 se-

184 1993 490 2033 natas-consulto
503 2001 794 2046 occupaverant,
814 1993 1014 2032 decretae.”
