1509 2397
366 68 705 108 PHILIPPICA
733 69 795 108 ΙΙ.
826 69 932 108 ΟΑΡ.
962 71 1026 108 20.
1177 70 1255 115 ‘215

133 175 205 215 etsi
222 174 436 214 incidamus
460 184 608 229 oportet
632 177 774 226 media,
806 190 854 216 ne
878 177 995 216 nimis
1021 189 1104 217 sero
1123 179 1172 217 ad
1190 192 1256 218 ex-

134 237 257 268 trema
275 230 483 269 veniamus.

189 284 357 322 Intimus
387 292 466 323 erat
493 285 536 323 in
567 284 765 324 tribunatu
796 285 946 334 Clodio,
977 286 1044 337 qui
1074 300 1142 325 sua
1167 301 1257 339 erga

133 350 197 376 me
215 338 397 377 beneficia
426 347 727 385 commemorat3
757 341 838 390 ejus
864 340 1039 378 omnium
1063 340 1257 380 incendio-

133 403 222 430 rum
240 391 318 431 fax.
350 392 473 443 Cujus
492 393 608 432 etiam
628 393 733 431 domi
752 394 936 445 quiddam
964 395 1046 443 jam
1067 402 1153 433 tum
1172 408 1256 434 mo-

132 444 224 484 litus
254 453 333 485 est:
365 447 459 498 quid
489 447 626 496 dicam,
658 447 739 499 ipse
768 448 913 500 optime
942 447 1134 499 intelligit.
1177 450 1258 489 Iter

132 497 222 538 inde
232 500 514 540 Alexandriam
527 509 656 540 eontra
668 505 818 540 senatus
833 502 1110 551 auctoritatem,
1127 511 1257 542 contra

130 554 356 605 religiones:
387 555 452 593 sed
480 556 645 594 habebat
675 556 813 594 ducem
842 556 1070 602 Gabinium,
1094 558 1258 608 quicum

132 607 284 659 quidvis
302 609 507 648 rectissime
531 610 654 648 facere
672 618 810 662 posset.
841 609 923 658 Qui
949 618 1034 648 tum
1051 610 1141 649 inde
1171 611 1257 649 red-

131 661 223 707 itus,
258 670 324 701 aut
361 663 512 715 qualis.
503 666 519 691 9
565 664 678 702 Prius
711 665 750 702 in
784 664 964 702 ultimam
996 665 1167 703 Galliam
1209 678 1259 704 ex

133 716 321 768 AEgypto,
350 730 468 769 quam
493 717 666 756 domum.
697 718 798 766 Quae
823 726 954 756 autem
980 726 1058 756 erat
1084 718 1256 758 domus?

131 782 242 807 suam
262 770 365 808 enim
391 771 553 822 quisque
583 772 744 808 domum
769 779 856 809 tum
879 772 1099 817 obtinebat3
1130 785 1258 825 neque

132 831 212 861 erat
229 837 394 876 usquam
410 832 488 862 tua.
518 824 695 862 Domum
710 825 820 863 dico.
812 827 828 852 9
860 825 954 876 quid
974 833 1053 863 erat
1071 825 1112 863 in
1131 827 1256 874 terris,

131 876 228 915 ubi·
217 891 258 915 ln
285 886 351 916 tuo
375 878 514 929 pedem
537 892 709 930 poneres,
735 886 872 930 praeter
891 892 1017 917 unum
1037 879 1255 929 Misenum,

130 931 236 983 quod
255 945 343 971 cum
363 932 484 980 500115,
506 940 707 984 tamquam
727 933 965 984 Sisaponem,
987 935 1167 973 tenebas.
1156 936 1174 958 9

185 985 283 1024 ΧΧ.
313 986 466 1025 Venisti
496 1000 516 1025 e
547 987 676 1024 Gallia
702 986 751 1024 ad
777 994 1011 1038 quaesturam
1036 988 1255 1039 petendam.

128 1040 248 1079 Aude
277 1041 413 1087 dicere,
445 1048 483 1079 te
511 1040 618 1093 p1ius
637 1041 685 1079 ad
707 1040 794 1102 [par
783 1049 924 1079 entem
943 1043 1073 1094 tuam]
1095 1043 1256 1092 venisse,

130 1107 250 1146 quam
278 1096 328 1134 ad
357 1108 432 1133 me.
462 1095 700 1147 Acceperam
731 1095 834 1133 enim
863 1096 946 1145 jam
979 1104 1067 1134 ante
1097 1096 1257 1138 Caesaris

129 1149 271 1210 literas,
303 1157 348 1188 ut
366 1149 465 1188 mihi
483 1149 655 1187 satisfieri
678 1157 826 1201 paterer
845 1163 868 1187 a
887 1157 948 1188 te:
979 1149 1110 1201 itaque
1127 1163 1178 1189 ne
1198 1151 1258 1189 lo-

130 1203 200 1255 qui
229 1204 386 1256 quidem
415 1216 500 1241 sum
521 1211 558 1241 te
576 1217 710 1254 passus
729 1204 776 1241 de
805 1203 940 1254 gratia.
972 1203 1112 1242 Postea
1130 1212 1257 1244 custo-

129 1257 233 1295 ditus
252 1271 339 1295 sum
359 1271 382 1296 a
399 1265 451 1304 te,
471 1264 514 1294 tu
534 1271 557 1295 3
574 1270 638 1295 me
656 1258 906 1296 observatus
895 1270 935 1294 m
954 1257 1137 1308 petitione
1151 1271 1256 1310 quae-

133 1319 274 1351 sturae:
306 1325 383 1363 quo
413 1311 571 1363 quidem
601 1318 772 1372 tempore
809 1311 856 1349 Ρ.
889 1311 1086 1358 Clodium,
1118 1325 1257 1365 appro-

130 1364 264 1404 bante'’
276 1366 421 1417 populo
441 1365 666 1413 Romano,
655 1379 696 1403 m
722 1365 805 1403 foro
825 1378 864 1403 es
884 1372 1042 1404 conatus
1060 1366 1253 1405 occidere:

131 1432 299 1471 cumque
318 1433 403 1458 eam
422 1432 504 1457 rem
531 1420 600 1457 tua
620 1426 753 1471 sponte
771 1432 960 1466 conarere,
988 1432 1066 1457 non
1084 1420 1257 1482 impulsu

130 1486 244 1520 meo3
276 1482 405 1512 tamen
423 1474 478 1512 ita
498 1473 745 1526 praedicabas,
766 1481 802 1511 te
831 1485 907 1512 non
929 1473 1161 1522 existimare,
1180 1474 1256 1513 nisi

130 1528 245 1565 illum
263 1528 524 1573 interfecisses,
544 1541 720 1579 unquam
738 1527 850 1575 mihi,
870 1540 940 1579 pro
959 1528 1035 1566 tuis
1053 1528 1093 1565 in
1112 1540 1176 1566 me
1195 1528 1256 1566 in-

127 1582 254 1634 juriis,
275 1582 365 1620 satis
385 1595 464 1620 esse
482 1582 686 1620 facturum.
718 1583 768 1620 In
788 1595 864 1633 quo
885 1581 1064 1629 demiror,
1086 1595 1153 1620 cur
1171 1574 1256 1620 Mi-

128 1636 260 1675 lonem
279 1636 450 1687 impulsu
475 1649 562 1674 meo
581 1649 661 1674 rem
688 1635 798 1674 111311]
818 1636 938 1686 egisse
956 1635 1072 1684 (11035,
1093 1649 1183 1675 011111
1203 1644 1253 1684 te,

131 1691 234 1736 ultro
253 1690 349 1728 mihi
361 1690 464 1728 idem
483 1690 581 1728 illud
593 1666 863 1738 deferentem,U
866 1702 1069 1741 nunquam
1096 1691 1168 1729 sim
1188 1691 1255 1729 ad-

129 1744 305 1783 hortatus
323 1760 332 1782 :
364 1757 617 1796 quamquam,
631 1744 662 1782 si
676 1744 716 1781 in
737 1757 780 1783 eo
794 1757 1063 1795 perseverares,
1077 1744 1127 1782 ad
1145 1752 1255 1783 tuam

128 1798 293 1851 gloriam
311 1812 394 1837 rem
411 1799 520 1836 illam
539 1798 670 1836 referri
687 1799 895 1842 malebam,
918 1811 1036 1849 quam
1056 1798 1106 1837 ad
1123 1811 1254 1844 meam

127 1852 304 1903 gratiam.

184 1906 364 1956 Quaestor
382 1921 420 1946 es
444 1907 581 1955 factus,
609 1906 747 1945 deinde
768 1906 963 1953 continuo,
985 1906 1066 1945 sine
1085 1908 1254 1945 senatus-

131 1962 316 2010 consulto,
349 1961 429 2000 sine
452 1970 563 2009 sorte,
591 1961 671 2000 sine
692 1962 791 2012 lege,
818 1961 867 1999 ad
897 1961 1088 1999 Caesarem
1118 1974 1254 1999 cucur-

130 2014 212 2063 risti
225 2030 236 2052 ε
266 2015 307 2052 id
326 2016 428 2053 enim
451 2028 575 2053 uuum
594 2015 636 2053 in
661 2015 782 2062 terris,
810 2015 999 2066 egestatis,
1020 2015 1104 2052 aeris
1122 2014 1250 2065 alieni,

130 2069 324 2121 nequitiae,
357 2069 514 2121 perditis
547 2070 635 2107 vitae
660 2070 884 2116 rationibus,
918 2069 1140 2119 perfugium
1173 2082 1252 2117 0550

128 2122 302 2172 ducebas.
339 2123 402 2162 Ibi
432 2131 470 2162 te
494 2137 584 2163 cum
611 2130 649 2167 et
680 2123 784 2164 illius
815 2123 1082 2174 largitionibus
1106 2131 1145 2171 et
1173 2123 1251 2166 tuis
