1509 2397
428 48 493 87 IN
524 48 799 88 PISONEM.
829 49 935 88 CAP.
966 49 1032 87 26.
1239 51 1292 87 55

171 154 267 195 dum
286 163 425 205 tenere,
447 156 558 204 nihil,
590 157 694 209 quod
720 157 857 196 referre
889 158 938 196 ad
956 158 1193 208 voluptatem
1212 170 1294 195 cor-

169 211 285 262 poris,
305 211 437 262 possis.
467 211 575 259 Quin
595 219 637 249 tu
650 225 713 249 me
724 212 828 250 vides
843 215 861 250 ‚⁹
881 213 962 263 qui,
981 225 1027 250 ex
1048 211 1125 262 qua
1138 211 1294 262 provin-

171 264 230 302 cia
248 264 300 302 Τ.
319 264 576 312 Flamininus,
594 265 642 302 L.
665 266 826 313 Paulus,
848 266 899 314 Q.
922 266 1123 312 Metellus,
1145 265 1195 303 T.
1217 265 1292 303 Di-

169 318 268 365 dius,
288 318 584 357 innumerabiles
605 320 683 366 alii,
703 320 780 357 levi
792 321 999 371 cupiditate
1014 319 1208 364 commoti,
1223 320 1291 357 tri-

166 372 421 423 umpharunt,
435 386 483 411 ex
496 371 538 410 ea
550 374 603 411 sic
614 374 722 420 redii,
732 382 789 419 ut,
803 375 852 412 ad
863 383 1015 426 portam
1026 373 1288 424 Esquilinam,

169 425 461 465 Macedonicam
478 427 649 465 lauream
673 429 954 474 conculcarim3
984 429 1078 480 ipse,
1107 440 1196 465 cum
1220 427 1290 465 ho-

167 479 338 519 minibus
367 481 586 532 quindecim
615 483 716 520 male
735 483 892 529 vestitis,
919 483 968 521 ad
1000 489 1149 534 portam
1176 481 1292 519 Coeli-

165 543 391 573 montanam
410 535 540 574 sitiens
558 536 795 587 pervenerim
813 551 823 575 ε
855 550 932 588 quo
950 537 991 574 in
1020 537 1103 575 loco
1128 535 1226 573 mihi
1244 536 1291 573 li-

167 589 311 636 bertus,
326 590 506 641 praeclaro
525 590 759 642 imperatori,
776 591 937 629 domum
953 604 999 629 ex
1011 591 1083 628 hac
1098 590 1159 628 die
1171 589 1291 628 biduo

166 649 254 681 ante
273 643 532 689 conduxerat3
563 658 650 696 quae
665 658 784 683 vacua
798 645 829 683 si
847 658 924 683 non
943 645 1090 693 fuisset,
1110 644 1151 681 in
1173 644 1290 683 Cam-·

166 709 218 748 po
232 697 378 736 Martio
389 698 487 735 mihi
501 699 789 736 tabernaculum
805 699 1056 737 collocassem.
1089 699 1290 736 Nummus

166 751 310 790 interea
327 751 444 804 mihi,
472 752 613 802 Caesar,
639 753 820 804 neglectis
839 753 1023 792 vehiculis
1045 752 1290 804 triumphali-

167 806 256 852 bus,
276 805 381 844 domi
399 814 544 853 manet,
565 815 602 845 et
619 807 801 845 manebit.
833 808 1017 846 Rationes
1044 807 1092 845 ad
1113 807 1291 845 aerarium

166 859 281 898 retuli
299 860 493 907 continuo,
510 861 607 899 sicut
625 868 692 899 tua
705 862 768 900 lex
779 863 960 911 jubebat:
982 875 1107 913 neque
1119 861 1195 907 alia
1207 861 1290 899 ulla

165 913 206 951 in
226 926 266 952 re
283 914 360 965 legi
377 922 455 952 tuae
472 916 595 966 parui.
625 915 735 963 Quas
754 916 917 954 rationes
929 917 961 954 si
975 916 1162 967 cognoris,
1175 915 1288 953 intel-

164 967 273 1019 liges,
293 968 438 1006 nemini
455 970 558 1021 plus,
579 983 698 1021 quam
717 970 828 1019 mihi,
848 971 976 1009 literas
996 969 1195 1022 profuisse.
1227 970 1290 1008 Ita

165 1022 269 1060 enim
295 1030 384 1061 sunt
412 1024 630 1076 perscriptae
650 1024 739 1062 scite
758 1032 795 1062 et
823 1026 985 1072 litei-ate,
1016 1032 1059 1062 ut
1082 1024 1218 1071 scriba,
1240 1023 1289 1061 ad

164 1076 341 1114 aerarium
361 1077 429 1129 qui
440 1091 501 1116 eas
512 1078 655 1124 retulit,
677 1079 894 1130 perscriptis
912 1079 1135 1125 rationibus,
1157 1091 1287 1117 secum

159 1129 255 1181 ipse,
278 1139 392 1183 caput
410 1131 561 1171 sinistra
579 1145 700 1170 manu
725 1133 947 1184 perfricans,
979 1145 1286 1172 commurmura-

157 1191 221 1223 tus
257 1184 320 1233 sit,
354 1186 470 1225 Ratio
507 1187 664 1238 quidem
703 1187 830 1226 hercle
868 1196 1049 1239 apparet;
1080 1195 1283 1238 argentiun

155 1240 337 1289 οιχεται.”
380 1239 468 1278 Hac
486 1247 531 1278 tu
550 1242 732 1287 oratione,
760 1254 837 1280 non
869 1242 1019 1290 dubito,
1055 1242 1148 1292 quin
1167 1241 1283 1278 illum

149 1291 233 1340 jam
252 1293 542 1332 adscendentem
561 1295 602 1332 in
618 1308 772 1333 currum
792 1296 913 1347 possis
932 1308 1116 1334 revocare.

209 1345 371 1386 XXVI.
413 1347 452 1386 O
478 1350 643 1387 tenebrae
659 1349 668 1386 !
700 1362 723 1386 ο
747 1349 876 1387 lutum
893 1350 902 1387 !
934 1363 956 1387 ο
976 1350 1104 1387 sordes
1121 1349 1130 1387 Σ
1162 1362 1185 1387 o
1210 1362 1283 1400 pa-

152 1399 252 1438 terni
270 1401 420 1451 generis
446 1403 577 1448 oblite,
601 1403 766 1441 materni
784 1403 850 1441 vix
874 1404 1048 1441 memor!
1082 1403 1136 1441 ita
1155 1403 1282 1441 nescio

152 1453 247 1505 quid
258 1455 356 1494 istuc
369 1455 551 1504 fractum,
567 1457 728 1503 humile,
746 1457 971 1503 demissum,
989 1457 1202 1505 sordidum,
1219 1456 1280 1494 in-

149 1507 268 1546 ferius
288 1509 402 1547 etiam
422 1518 491 1558 est,
512 1524 630 1562 quam
649 1519 694 1549 ut
712 1511 994 1550 Mediolanensi
1006 1524 1192 1563 praecone,
1208 1524 1280 1550 avo

151 1568 232 1609 tuo,
253 1563 416 1614 dignum
428 1577 508 1603 esse
521 1565 705 1603 videatur.
736 1565 784 1603 L.
802 1567 974 1613 Crassus,
995 1566 1112 1604 homo
1128 1565 1278 1617 sapien-

149 1616 320 1656 tissimus
338 1627 475 1656 nostrae
494 1619 669 1667 civitatis,
691 1619 845 1671 spiculis
870 1634 989 1672 prope
1015 1627 1203 1659 scrutatus
1223 1627 1280 1658 est

152 1671 290 1723 Alpes,
318 1679 375 1719 ut,
396 1672 464 1711 ubi
482 1673 601 1711 hostis
620 1686 697 1712 non
715 1682 810 1722 erat,
837 1675 891 1712 ibi
914 1674 1102 1726 triumphi
1121 1687 1277 1712 causam

154 1725 326 1776 aliquam
345 1735 529 1778 quaereret
546 1742 556 1765 :
587 1728 722 1766 eadem
742 1729 951 1780 cupiditate
968 1729 1026 1767 vir
1044 1741 1197 1767 summo
1216 1728 1277 1766 in-

156 1779 268 1829 genio
284 1781 481 1831 praeditus,
503 1781 547 1819 C.
570 1782 696 1829 Cotta,
717 1783 826 1821 nullo
841 1790 941 1821 certo
953 1784 1074 1827 hoste,
1088 1783 1276 1833 flagravit.

153 1833 302 1872 Eorum
321 1842 455 1874 neuter
473 1835 749 1887 triumpha-viu
781 1838 884 1889 quod
899 1837 1007 1875 alteri
1025 1837 1138 1874 illum
1157 1837 1279 1875 hono-

151 1900 235 1925 rem
257 1888 415 1939 collega,
435 1889 544 1928 alteri
561 1903 678 1937 mors,
699 1891 854 1929 ademit.
885 1892 1001 1929 Irrisa
1017 1893 1084 1930 abs
1104 1899 1141 1929 te
1159 1891 1278 1942 paulo

150 1949 239 1980 ante
250 1941 312 1979 Μ.
326 1943 477 1982 Pisonis
488 1944 678 1996 cupiditas
693 1945 971 1997 triumphandi,
985 1959 1008 1983 a
1019 1944 1097 1997 qua
1110 1954 1147 1984 te
1160 1946 1276 1996 longe

151 1995 283 2033 dixisti
294 1996 494 2036 abhorrere
507 2012 517 2036 τ
539 1999 608 2050 qui
622 1999 771 2037 etiamsi
781 2000 912 2038 minus
922 2012 1111 2050 magnum
1125 2000 1275 2038 bellum

149 2057 327 2099 gesserat,
346 2059 391 2089 ut
409 2053 477 2090 abs
495 2060 533 2090 te
552 2052 698 2091 dictum
717 2061 787 2099 est,
807 2061 937 2092 tamen
952 2054 1070 2091 istum
1089 2054 1274 2092 honorem

154 2105 476 2144 contemnendum
487 2118 565 2145 non
577 2108 739 2158 putavit.
760 2107 842 2156 Tu,
852 2107 1159 2159 eruditiorquam
1169 2108 1277 2155 Piso,

152 2157 374 2207 prudentior
384 2172 506 2211 quam
515 2161 642 2211 Cotta,
657 2162 913 2201 abundantior
924 2162 1094 2210 consilio,
1107 2161 1276 2213 ingenio,
