1509 2397
440 353 508 404 IN
543 357 613 404 M.
653 346 1019 405 ANTONIUM

545 465 774 516 Philippica
802 466 936 504 Sexta.

226 573 260 612 I.
290 573 490 612 AUDI'rA
520 573 626 611 vobis
661 586 740 612 esse
777 573 953 619 arbitror,
987 572 1176 622 Quirites,
1211 588 1299 627 quae

167 628 248 668 sint
270 636 354 667 acta
378 628 419 666 in
446 635 594 674 senatu,
627 641 714 679 quae
740 627 856 666 suerit
882 629 1069 679 cujusque
1099 630 1298 668 sententia.

168 681 251 721 Res
270 683 388 729 enim,
410 695 457 720 ex
477 681 658 720 Calendis
677 682 876 721 ‚Ianuariis
895 682 1051 733 agitata,
1072 684 1190 734 paulo
1209 692 1298 723 ante

169 737 340 776 confecta
351 744 430 782 est3
452 736 582 774 minus
596 736 753 787 quidem
765 737 832 774 illa
851 749 993 784 severe,
1017 749 1136 788 quam
1156 737 1297 785 decuit,

170 802 250 830 non
269 798 399 830 tamen
425 790 583 828 omnino
606 791 798 828 dissolute.
830 791 947 829 Mora
966 797 1022 828 est
1048 791 1163 830 allata
1181 793 1298 841 bello,

170 857 250 884 non
285 858 398 884 causa
430 845 593 883 sublata.
624 845 906 892 Quamobrem,
941 844 1045 896 quod
1071 846 1246 897 quaesivit
1277 860 1300 886 a

169 913 234 938 me
268 900 314 937 P.
346 899 555 951 Apuleius,
591 899 708 937 homo
743 907 779 937 et
808 899 942 938 multis
972 899 1104 937 officiis
1133 901 1231 938 mihi
1261 908 1299 944 et

171 953 326 992 summa
354 953 613 991 familiaritate
642 955 882 1003 conjunctus,
918 959 955 991 et
984 954 1091 992 vobis
1117 955 1299 993 amicissi-

165 1019 272 1056 mus,
293 1009 347 1046 ita
372 1007 623 1059 respondebo,
643 1016 688 1046 ut
707 1021 764 1057 ea,
786 1008 927 1060 quibus
946 1019 1024 1046 non
1055 1007 1296 1057 interfuistis,

170 1065 283 1101 nosse
300 1062 466 1114 possitis.

168 1127 174 1130 ·
225 1117 352 1156 Causa
376 1115 593 1155 fortissimis
618 1116 850 1168 optimisque
869 1116 1090 1155 consulibus
1117 1116 1297 1157 Calendis

170 1171 335 1210 Januar.
366 1171 414 1208 de
446 1171 643 1221 republica
662 1172 835 1222 primum
866 1171 1056 1209 referendi
1075 1171 1150 1210 fuit
1169 1185 1217 1210 ex
1237 1186 1295 1220 eo,

169 1225 276 1276 quod
307 1225 421 1263 XIII
456 1224 645 1263 calendas
664 1225 826 1263 Januar.
849 1232 1015 1272 senatus,
1048 1237 1111 1263 me
1129 1234 1296 1273 auctore,

170 1279 346 1318 decrevit.
375 1279 437 1317 Eo
452 1278 514 1316 die
527 1279 714 1330 primum,
731 1279 917 1327 Quirites,
931 1279 1183 1317 fundamenta
1194 1279 1297 1329 jacta

168 1341 261 1372 sunt
280 1333 510 1385 reipuinCae.
541 1333 635 1371 Fuit
654 1333 757 1371 enim
775 1334 891 1384 longo
909 1332 1109 1371 intervallo
1127 1334 1182 1371 ita
1197 1334 1298 1373 liber

171 1395 338 1436 senatus,
360 1395 404 1425 ut
423 1400 489 1426 vos
509 1387 715 1438 aliquando
726 1387 838 1425 liberi
853 1387 993 1425 essetis.
1024 1386 1116 1434 Quo
1135 1388 1294 1439 quidem

170 1450 357 1494 tempore,
375 1441 490 1480 etiam
511 1442 542 1479 si
567 1441 632 1479 isse
652 1441 731 1479 dies
750 1441 837 1479 vitae
856 1442 973 1479 finem
993 1441 1091 1479 mihi
1109 1442 1296 1481 allaturus

170 1504 281 1544 esset,
302 1496 391 1534 satis
404 1508 594 1546 magnum
613 1508 788 1547 ceperam
802 1496 988 1544 fructum,
1009 1508 1099 1533 cum
1119 1509 1184 1534 vos
1206 1496 1295 1534 uni-

167 1551 281 1599 versi,
301 1551 383 1588 una
400 1557 529 1588 mente
547 1557 663 1601 atque
682 1562 786 1598 voce,
810 1550 950 1588 iterum
976 1562 999 1587 a
1016 1562 1080 1588 me
1098 1562 1295 1589 conserva-

169 1612 251 1644 tam
282 1618 361 1643 esse
392 1604 672 1656 rempublicam
705 1603 1020 1643 conclamassetis.
1056 1604 1145 1643 Hoc
1170 1607 1295 1644 vestro

165 1659 312 1709 judicio
344 1665 465 1707 tanto,
496 1666 655 1710 tamque
678 1658 874 1709 praeclaro,
906 1658 1107 1706 excitatus,
1133 1658 1188 1697 ita
1218 1658 1295 1698 Ca-

167 1713 290 1752 lendis
326 1712 356 1751 J
358 1725 490 1751 anuar
530 1712 617 1751 veni
653 1712 694 1750 in
724 1719 917 1760 senatum,
940 1719 985 1750 ut
1013 1712 1294 1762 meminissem,

171 1780 292 1819 quam
306 1779 508 1819 personam
526 1766 746 1818 impositam
766 1780 789 1805 a
807 1767 914 1805 vobis
933 1766 1171 1805 sustinerem.

171 1842 175 1847 ·
226 1822 379 1873 Itaque,
398 1821 549 1860 bellum
565 1820 758 1859 nefarium
784 1820 937 1859 illatum
965 1821 1185 1872 reipublicae
1203 1834 1294 1861 cum

168 1875 353 1923 viderem,
372 1875 523 1913 nullam
544 1887 695 1920 moram
724 1874 1042 1926 interponendam
1067 1875 1294 1927 insequendi

170 1930 232 1969 M.
252 1929 473 1968 Antonium
493 1929 627 1980 putavi
643 1943 653 1967 :
683 1928 959 1981 hominemque
977 1928 1291 1976 audacissimum.

170 1984 253 2036 qui,
274 1983 409 2022 muln's
427 1983 582 2022 nefariis
606 1985 720 2021 rebus
739 1990 828 2021 ante
853 1982 1078 2030 commissis,
1097 1982 1170 2022 hoc
1194 1990 1293 2021 tem-

170 2049 264 2089 pore
281 2037 551 2089 imperatorem
570 2037 706 2089 populi
725 2036 895 2075 Romani
922 2044 1175 2088 oppugnaret,
1192 2037 1294 2076 colo-

170 2091 279 2130 niam
307 2099 472 2130 vestram
494 2091 720 2129 fidissimam
747 2090 1072 2142 fortissimamque
1091 2091 1294 2140 obsideret,

169 2145 272 2184 bello
290 2145 420 2184 censui
444 2145 778 2197 persequendum:
810 2144 1025 2196 tumultum
1044 2143 1244 2191 decerni,'
1228 2146 1295 2195 Ju-'

170 2198 319 2237 stitium
349 2198 460 2245 edici,
480 2212 571 2251 saga
598 2199 714 2245 sumi.
740 2198 822 2238 dixi
851 2198 1024 2250 placereg¹
1045 2211 1132 2250 .quo
1161 2206 1311 2237 omnes*

225 2253 377 2302 (Orat.)
398 2254 976 2292 vor..1x⁷.2
998 2263 1021 2290 c
