1509 2397
263 68 338 105 133
514 67 855 108 PHILIPPICA
884 68 920 107 Ι.
950 66 1055 106 Car.
1084 66 1122 110 7.

247 182 411 213 mortem
423 182 674 236 contemnere.
706 177 878 215 Potestas
891 175 1006 214 modo
1020 172 1217 213 veniendi
1205 185 1247 211 m
1260 172 1365 212 hunc

246 229 377 267 locum
407 228 455 267 sit
469 229 662 275 ;(116811(11
697 230 913 291 pericnlum
948 241 1027 268 non
1058 240 1202 266 recuso.
1229 227 1366 279 Atque

245 283 410 330 utinam,
440 291 525 344 patr
529 296 566 321 83
599 284 815 335 conscripti,
847 282 1027 322 Calendis
1056 281 1265 320 Sextilibus
1294 280 1364 318 ad-

246 349 284 374 es
285 350 324 374 38
350 337 583 388 potuissem!
613 350 690 376 non
724 351 801 389 quo
832 337 965 388 profici
993 335 1161 388 potuerit
1190 334 1361 386 aliquid;

246 391 313 428 sed
341 403 389 429 ne
422 404 523 428 unns
553 392 668 430 medo
701 405 766 429 cor
758 392 907 429 sularis
940 391 1062 442 (quod
1094 396 1180 427 tum
1210 387 1363 436 accidit)

244 444 384 495 dignus
415 445 482 483 illo
514 445 671 494 honore,
706 446 846 497 dignus
878 445 1087 506 republica,
1116 442 1361 481 inveniretur.

244 498 338 546 Qua
365 499 523 550 quidem
554 512 601 537 ex
626 513 666 537 re
691 512 805 550 magn
798 512 879 537 um
909 499 1051 550 accipio
1080 497 1265 546 dolorem,
1292 496 1362 534 ho-

241 552 364 591 mines
401 554 539 604 amplis
543 553 646 591 simis
676 554 810 614 populi
840 553 1009 591 Romani
1038 550 1232 591 beneficiis
1258 563 1361 599 usos,

241 606 290 644 L.
313 607 508 655 Pisonem,
529 607 665 645 ducem
696 608 852 659 optimae
870 615 988 645 sente·
986 607 1078 653 itiae,
1105 618 1184 643 non
1201 612 1360 643 secutos.

240 660 344 698 Idcir
327 673 438 698 cone
467 674 535 699 nos
554 662 720 713 populus
751 662 954 699 Romanus
977 660 1149 698 consules
1178 658 1281 706 fecit,
1300 665 1359 706 ut,

240 713 281 751 in
319 715 501 757 altissimo
538 715 659 766 gradu
698 715 894 766 dignitatis
924 715 1052 762 locati,
1081 713 1361 764 rempublicam

239 781 310 819 pro
340 769 461 807 nihilo
491 769 750 808 haberemus.
780 770 874 807 Non
903 768 1019 807 modo
1049 780 1139 806 voce
1167 779 1281 805 nemo
1307 765 1357 804 L.

239 822 372 860 Pisoni
391 824 611 872 consularis,
632 823 698 861 sed
716 836 764 861 ne
779 824 889 861 vultu
908 822 1081 874 quidem,
1097 833 1272 860 assensus
1290 826 1357 858 est.

240 876 434 923 Quaenam
465 878 631 919 (malum
647 877 676 925 ἴ)
711 885 768 915 est
803 877 876 915 ista
913 875 1127 915 voluntaria
1162 874 1358 913 servitus?

240 929 376 968 Fuerit
393 931 572 982 quaedam
591 931 825 969 necessaria:
850 943 921 969 nec
940 944 1009 982 ego
1027 930 1100 969 hoc
1113 931 1162 968 ab
1180 928 1359 967 omnibus

236 983 283 1021 iis
313 985 497 1033 desidero,
530 985 597 1036 qui
627 985 853 1024 sententiam
884 962 984 1022 106οῠ
998 983 1188 1022 consulari
1212 982 1356 1021 dicunt.

237 1037 333 1076 Alia
350 1052 464 1077 causa
483 1047 539 1077 est
558 1052 706 1086 eorum,
727 1052 894 1099 quorum
913 1038 1093 1076 silentio'
1082 1049 1262 1088 ignosc03
1283 1036 1360 1075 alia

237 1104 385 1152 eorum,
406 1106 573 1144 quorum
602 1106 733 1131 vocem
752 1092 928 1144 requiro.
959 1105 1055 1144 quos
1073 1091 1231 1143 quidem
1249 1090 1360 1129 doleo

237 1145 280 1183 in
310 1146 562 1207 suspicionem
599 1146 735 1198 populi
772 1145 943 1184 Romani
971 1145 1112 1193 venire,
1142 1157 1221 1183 non
1249 1151 1358 1182 metu

236 1200 394 1251 (quod
383 1214 512 1251 ipsum
531 1209 627 1238 esset
656 1208 800 1251 turpe),
831 1200 897 1239 sed
915 1199 1037 1238 alium
1062 1199 1140 1238 8118
1161 1199 1210 1238 (18
1227 1211 1357 1248 musa,

236 1253 363 1292 deesse
381 1254 560 1305 dignitati
579 1268 668 1293 suae.

289 1308 352 1346 VI
357 1308 390 1346 I
421 1308 554 1355 Quare
582 1308 752 1360 primum
781 1308 973 1347 maximas
997 1307 1139 1359 gratias
1169 1314 1208 1345 et
1235 1306 1358 1345 habeo

236 1369 274 1401 et
293 1375 366 1413 ago
384 1362 433 1400 L.
455 1363 602 1410 Pisoni,
627 1363 696 1414 qui
714 1375 806 1409 non,
834 1362 929 1423 quid
948 1361 1093 1400 efficere
1109 1367 1235 1413 posset
1252 1360 1294 1398 in
1317 1373 1359 1399 re

233 1417 406 1468 publica,
445 1417 638 1478 cogitavit,
677 1416 742 1455 sed
778 1417 873 1468 quid
901 1417 983 1477 ipse
1018 1415 1141 1454 facere
1173 1415 1354 1454 deberet.

232 1470 370 1509 deinde
389 1484 412 1509 a
440 1471 560 1519 vobis,
587 1479 712 1522 patres
735 1470 950 1522 conscripti,
981 1477 1083 1521 peto,
1103 1476 1162 1518 ut,
1188 1469 1304 1508 etiam
1323 1467 1355 1508 si

230 1525 340 1576 sequi
358 1525 488 1563 minus
507 1524 694 1563 audebitis
719 1524 929 1563 orationem
956 1532 1072 1575 atque
1090 1522 1355 1562 auctoritatem

232 1592 375 1627 meam,
406 1579 572 1630 benigne
601 1587 731 1617 tamen
759 1591 823 1617 me
859 1583 921 1623 (ut
948 1578 1088 1617 fecistis
1116 1577 1260 1625 adhuc)
1286 1590 1355 1616 au-

237 1633 363 1671 diatis.

287 1687 468 1725 Primum
486 1687 604 1738 igitur
622 1694 706 1725 acta
720 1686 879 1726 Caesaris
897 1685 1080 1725 servanda
1098 1697 1258 1732 681138ος
1278 1697 1357 1725 non

232 1754 311 1793 quo
329 1742 503 1792 probem,
524 1741 628 1792 (quis
643 1741 746 1780 enim
760 1741 802 1778 id
821 1740 977 1792 quidem
991 1747 1114 1792 potest
1127 1742 1164 1787 Ρ)
1183 1739 1249 1778 sed
1263 1739 1356 1791 quia

230 1795 419 1834 rationem
447 1795 665 1833 habendam
694 1795 864 1833 maxime
889 1794 1050 1834 arbitror
1079 1793 1183 1845 pacis
1212 1801 1250 1832 et
1271 1793 1352 1832 otii.

229 1849 386 1888 Vellem
403 1849 551 1888 adesset
571 1849 784 1897 Antonius,
803 1848 919 1888 modo
946 1848 1026 1887 sine
1043 1847 1246 1887 advocatis.
1276 1847 1354 1886 Sed

229 1906 293 1947 (ut
320 1903 471 1954 opinor)
500 1903 589 1941 licet
619 1903 654 1941 ei
680 1903 809 1941 minus
838 1903 988 1949 valere;
1017 1901 1123 1954 quod
1151 1901 1249 1940 mihi
1270 1901 1355 1940 heri

227 1971 298 2009 per
320 1957 435 1995 illum
464 1969 542 1995 non
566 1957 715 1995 licebat.
747 1957 913 1996 Duceret
932 1970 1011 2005 me,
1035 1956 1096 1995 vel
1124 1955 1252 2007 potius
1270 1967 1351 2004 vos,

227 2018 354 2062 patres
384 2011 599 2063 conscripti,
628 2011 959 2063 quemadmodum
982 2011 1063 2062 ipse
1085 2009 1244 2049 caesaris
1266 2016 1351 2048 acta

227 2065 458 2104 defenderet.
486 2065 586 2103 An
574 2077 617 2103 m
635 2065 955 2103 commentariolis
977 2072 1018 2104 et
1036 2063 1296 2115 chirographis
1313 2070 1353 2102 et

228 2119 385 2167 libellis,
416 2132 456 2158 se
473 2132 552 2157 uno
571 2125 722 2158 auctore
746 2119 919 2171 prolatis,
948 2132 993 2158 86
1010 2131 1059 2157 118
1080 2117 1237 2170 prolatis
1266 2115 1354 2169 qui-

228 2172 333 2223 dem,
364 2173 431 2214 sed
466 2173 735 2215 tantummodo
771 2173 896 2223 dictis,
930 2180 1014 2214 acta
1043 2171 1207 2211 Caesaris
1238 2171 1351 2212 firma
