1509 2397
519 395 748 437 ORATIO
776 395 984 435 XLVIII.

470 628 541 677 IN
576 594 647 676 Μ.
680 629 1050 679 ANTONIUM

563 747 791 798 Philippica
821 748 953 786 Sexta.

620 857 687 897 Ad
710 857 897 904 Quirites.

686 974 841 1007 -4—

539 1073 836 1113 ARGUMEN
840 1071 984 1112 TUM.

205 1186 330 1232 CUM,
360 1182 493 1222 habita
523 1182 713 1234 superiore
738 1182 921 1230 oratione,
953 1181 1118 1231 Salvius,
1149 1182 1329 1224 tribunus

204 1239 341 1292 plebis,
362 1237 643 1284 intercessisset,
671 1249 719 1275 ne
742 1236 919 1275 discessio
945 1235 1065 1285 fieret,
1095 1237 1199 1289 quod
1219 1237 1330 1277 facile

204 1293 459 1344 intelligebat,
486 1292 688 1343 plerosque
715 1291 756 1328 in
777 1290 970 1329 Ciceronis
988 1291 1229 1335 sententiam,
1255 1292 1330 1330 im-

204 1348 340 1402 primis
359 1346 406 1384 de
423 1346 559 1397 legatis
574 1346 622 1384 ad
640 1345 861 1384 Antonium
879 1357 957 1383 non
975 1345 1186 1393 mittendis,
1210 1346 1331 1386 ituros

208 1416 313 1447 esse;
343 1400 475 1453 paucis
494 1400 628 1438 diebus
647 1408 747 1452 post,
768 1412 858 1438 cum
878 1399 925 1437 de
945 1398 1076 1438 eadem
1095 1413 1135 1438 re
1155 1408 1251 1439 esset
1268 1415 1331 1440 ac-

204 1466 291 1497 tum
310 1455 351 1493 in
367 1461 515 1500 senatu,
538 1457 705 1492 senatus·
707 1454 950 1492 consultum'
940 1466 980 1491 m
1000 1466 1085 1492 eam
1104 1455 1331 1495 sententiam

205 1512 353 1550 factum
370 1516 438 1557 est,
454 1521 542 1569 quae
559 1509 704 1559 legatos
724 1507 773 1546 ad
795 1507 1016 1547 Antonium
1042 1507 1243 1547 Mutinam
1262 1511 1331 1549 ob-

206 1566 392 1605 sidentem
409 1562 513 1600 mitti
531 1562 768 1602 decernebat
785 1562 853 1614 qui
871 1561 1106 1610 nuntiarent,
1122 1574 1171 1601 ne
1182 1575 1230 1614 op
1205 1577 1332 1616 p-pug

206 1625 315 1658 naret
334 1617 530 1656 consulem
554 1617 811 1667 designatum,
839 1628 888 1654 ne
907 1590 1108 1654 Mutinam
1127 1617 1330 1667 obsideret,

206 1687 256 1712 ne
284 1670 522 1731 provinciam
551 1671 721 1709 Galliam
751 1670 1060 1722 depopularetur,
1091 1682 1140 1709 ne
1164 1670 1333 1711 delectus

205 1728 385 1770 haberet3
407 1731 500 1763 esset
512 1724 552 1762 in
568 1727 720 1763 senatus
731 1724 942 1776 populique
952 1724 1123 1763 Romani
1133 1732 1332 1776 potestate.
1378 1755 1382 1757 >

208 1781 298 1820 Hoc
309 1782 479 1818 senatus·
480 1779 653 1817 consulto
665 1778 777 1826 facto,
787 1778 890 1817 venit
899 1778 941 1816 in
953 1778 1172 1817 concionem
1182 1779 1332 1827 Cicero3

210 1843 260 1881 et,
277 1833 487 1896 productus
502 1834 550 1871 ab
561 1832 746 1884 Apuleio,
762 1832 918 1871 tribuno
931 1832 1068 1884 plebis,
1081 1833 1207 1884 primo
1219 1833 1266 1872 de
1277 1835 1333 1872 le-

209 1888 361 1941 gatione
379 1887 429 1926 ad
453 1887 673 1925 Antonium
692 1886 843 1926 decreta
860 1886 1043 1938 exponit3
1065 1887 1215 1936 deinde,
1234 1888 1334 1927 nihil

209 1945 354 1995 legatos
372 1941 476 1994 apud
495 1954 585 1980 eum
603 1941 839 1992 profecturos
857 1948 1093 1993 auguratur;
1114 1955 1158 1981 ac
1177 1942 1334 1981 tandem

208 1996 401 2050 populum
423 1995 472 2035 ad
489 1994 709 2048 reipublicae
734 2003 772 2035 et
796 1995 981 2035 libertatis
1005 1995 1179 2035 studium
1201 1996 1335 2036 cohor-

207 2059 322 2091 tatur-
