1509 2397
276 59 356 97 362
504 55 842 96 PHILIPPICA
873 55 974 95 XII.
1004 56 1111 106 011».
1132 56 1171 102 7.

277 180 356 216 ora,
377 177 581 214 sermones,
595 166 662 217 qui
680 165 720 203 in
739 165 847 204 Urbe
864 178 910 203 ex
930 178 974 204 eo
986 177 1147 204 numero
1161 164 1280 209 relicti
1291 173 1395 214 sunt,

275 222 374 261 ferre
391 233 468 260 non
486 233 700 281 possumus.
731 219 840 267 Quid
857 219 1028 267 censetis,
1041 232 1130 258 cum
1141 226 1199 259 tot
1208 231 1287 258 uno
1299 225 1397 257 tem-

275 288 367 328 pore
378 274 607 327 irruperint;
628 286 696 312 nos
708 287 816 312 arma
833 273 1087 325 posuerimus,
1107 274 1165 312 illi
1179 274 1282 312 non?
1289 285 1398 319 non-

273 342 324 368 ne
341 342 411 368 nos
429 329 565 367 nostris
584 328 748 367 consiliis
767 328 883 366 victos
900 327 940 365 in
955 335 1181 380 perpetuum
1203 328 1306 368 fore.
1297 329 1314 355 9

329 383 466 422 Ponite
481 390 568 421 ante
582 383 710 421 oculos
722 381 782 419 Μ.
799 382 1019 419 Antonium
1032 382 1289 421 consularem.
1311 394 1396 433 spe-

272 445 423 477 rantem
442 437 683 476 consulatum
696 435 864 474 Lucium
883 435 1104 486 adjungite:
1135 437 1310 488 supplete
1324 449 1396 474 cae-

271 499 385 539 teros,
405 504 530 543 neque
547 490 665 528 nostri
683 489 825 528 ordinis
844 489 983 537 solum,
1003 489 1164 528 honores
1176 498 1214 528 et
1230 490 1394 542 imperia

271 546 524 585 meditantes:
555 544 672 583 nolite
690 556 738 582 ne
753 543 916 581 Tirones
935 543 1092 595 quidem
1117 543 1333 592 Numisios,
1357 551 1396 582 et

271 599 479 639 Mustellas
505 599 650 638 Saxasv
652 611 685 646 e,
707 605 957 636 contemnere.
1000 596 1103 636 Cum
1121 597 1181 636 his
1199 597 1299 636 facta
1315 611 1394 650 pax

269 667 349 693 non
378 654 449 692 erit
472 666 564 714 pax,
587 652 652 690 sed
670 652 795 703 pactio
815 650 1016 690 servitutis.
1048 651 1097 689 L.
1124 651 1289 713 PisoniS,
1310 665 1394 690 am-

269 708 434 760 plissimi
453 707 538 756 viri,
558 706 740 758 praeclara
757 718 847 753 vox,
862 718 885 743 a
903 713 941 743 te
953 717 1030 744 non
1045 705 1200 744 50111111
1189 718 1230 744 111
1248 705 1321 745 hoc
1332 719 1394 745 or-

269 763 374 810 dine,
395 763 536 809 Pansa,
554 760 619 799 sed
638 760 753 799 etiam
771 759 813 797 in
833 759 1026 806 concione,
1044 760 1131 809 jure
1148 759 1305 798 laudata
1324 768 1391 799 est.

269 816 533 855 Excessumm
548 827 588 853 se
603 828 652 853 ex
665 814 794 875 Italia,
811 813 922 861 dixit,
937 813 1042 852 Deos
1055 820 1212 865 penates
1231 821 1269 852 et
1287 815 1393 854 sedes

268 871 410 922 patrias
440 870 677 916 relicturum,
707 868 739 906 si
768 868 891 920 (quod
909 842 978 905 bii
1006 880 1120 906 omen
1139 868 1344 907 averterint
1359 867 1392 919 !)

268 923 547 975 rempublicam
567 922 810 984 oppressisset
827 922 1038 960 Antonius.

322 979 423 1017 VII.
454 977 598 1025 Quaero
620 977 737 1028 igitur
757 990 779 1015 a
797 983 848 1024 te,
882 975 987 1024 Piso,
1017 988 1144 1014 nonne
1171 989 1392 1029 oppressam

268 1032 548 1085 rempublicam
565 1038 691 1082 putes,
712 1044 744 1069 51
762 1038 832 1078 tot,
853 1037 934 1068 tam
960 1030 1085 1082 impii,
1113 1037 1193 1068 tam
1213 1031 1389 1080 audaces,

267 1095 349 1126 tam
379 1086 593 1133 facinorosi,
622 1085 762 1136 recepti
789 1084 890 1123 sint!
923 1084 1047 1132 Quos,
1074 1084 1249 1123 nondum
1275 1086 1391 1124 tantis

265 1141 477 1193 parricidiis
506 1139 796 1186 contaminatos,
822 1138 888 1177 vix
917 1138 1146 1186 ferebamus,
1172 1138 1243 1177 hos
1271 1151 1389 1187 nunc,

267 1194 375 1234 omni
389 1195 526 1233 scelere
541 1201 746 1244 coopertos,
763 1191 975 1232 tolerabiles
990 1205 1116 1231 censes
1128 1192 1271 1231 civitati
1280 1193 1361 1232 fore
1371 1193 1392 1230 ἲ

266 1249 355 1288 Aut
379 1249 452 1287 isto
471 1255 538 1286 tuo
571 1247 686 1299 (mihi
705 1245 831 1296 crede)
859 1246 1014 1285 consilio
1033 1246 1104 1285 erit
1122 1246 1324 1294 utendum,
1345 1255 1390 1286 ut

266 1304 461 1351 cedamus,
493 1304 688 1363 abeamus,
709 1301 828 1340 vitam
858 1301 1013 1352 inopem
1040 1307 1078 1339 et
1103 1313 1241 1352 vagam
1263 1315 1390 1353 perse-

266 1370 447 1410 quamur,
467 1364 534 1395 aut
553 1356 711 1394 cervices
725 1355 936 1394 latronibus
955 1354 1105 1404 dandae,
1126 1363 1241 1407 atque
1259 1356 1300 1393 in
1317 1369 1388 1408 pa-

265 1412 340 1455 tria
358 1411 583 1451 cadendum.
624 1409 706 1448 Ubi
724 1417 827 1458 sunt,
855 1409 925 1448 Cai
945 1409 1085 1457 Pansa,
1112 1409 1189 1447 illae
1215 1409 1387 1449 cohorta-

265 1466 387 1504 tiones
405 1464 671 1517 pulcherrimae
695 1471 786 1511 tuae,
811 1463 951 1515 quibus
969 1477 993 1501 a
1011 1471 1048 1502 te
1067 1463 1252 1502 excitatus
1277 1476 1386 1506 sena-2

263 1528 340 1569 tus,
358 1520 618 1557 inflammatus
632 1519 799 1570 populus
814 1519 1030 1565 Romanus,
1045 1529 1122 1562 non
1137 1517 1263 1557 solum
1275 1518 1386 1557 audi-

263 1574 332 1621 vit,
353 1571 419 1612 sed
437 1573 552 1612 etiam
572 1573 714 1619 didicit,
734 1572 832 1610 nihil
847 1585 925 1611 esse
943 1571 1092 1611 homini
1110 1572 1290 1613 Romano
1314 1572 1386 1614 foe.

263 1629 350 1667 dius
370 1628 549 1667 servitute
563 1630 580 1666 ?
611 1627 807 1665 Idcircone
821 1639 912 1678 saga
923 1626 1145 1672 sumsimus,
1162 1638 1269 1664 arma
1283 1627 1384 1678 cepi..

260 1695 363 1729 rnuS,
373 1683 615 1732 juventutem
627 1693 782 1719 omnem
798 1693 845 1719 ex
859 1680 940 1720 tota
952 1680 1068 1719 Italia
1083 1679 1305 1727 excivimus,
1322 1689 1381 1730 ut,

264 1736 431 1776 exercitu
462 1736 726 1774 florentissimo
756 1742 793 1773 et
816 1734 1002 1782 maximo,
1027 1733 1144 1785 legati
1171 1733 1220 1772 ad
1249 1747 1382 1785 pacem

261 1791 537 1829 mitterentur?
567 1791 599 1829 51
617 1789 900 1841 postulandam,
921 1788 1017 1840 quid
1036 1787 1254 1826 timemus?
1270 1788 1301 1828 si
1319 1802 1383 1828 ac-

257 1845 487 1897 cipiendam,
508 1857 576 1883 cur
593 1856 671 1882 non
689 1842 900 1895 rogamur?
929 1844 979 1882 In
1002 1842 1074 1881 hac
1099 1854 1169 1894 ego
1192 1841 1383 1894 legatione

259 1900 346 1946 sim,
375 1906 443 1938 aut
469 1898 519 1937 ad
543 1898 584 1936 id
603 1898 804 1937 consilium
833 1896 1054 1943 admiscear,
1081 1896 1123 1934 in
1151 1909 1243 1948 quo,
1264 1909 1383 1945 ne,s1

257 1954 466 1992 dissensero
485 1952 642 2005 quidem
660 1966 684 1991 a
698 1951 853 1998 caeteris,
875 1951 1036 1989 sciturus
1050 1951 1217 2003 populus
1232 1951 1381 1990 Roma-

255 2020 330 2046 nus
349 2007 426 2045 sit?
457 2008 519 2045 Ita
536 2006 616 2055 fiet,
636 2013 694 2054 ut,
727 2006 758 2044 51
784 2005 879 2057 quid
908 2004 1111 2043 remissum
1141 2011 1208 2044 aut
1227 2017 1379 2044 00an

255 2074 345 2100 sum
363 2061 425 2109 sit,
451 2073 538 2099 meo
557 2073 705 2113 semper
721 2059 891 2111 periculo
908 2065 1037 2111 peccet
1054 2058 1265 2108 Antonius,
1285 2072 1376 2098 cum

253 2116 286 2155 ei
305 2115 487 2177 peccandi
505 2122 670 2167 potestas
688 2127 712 2152 a
729 2127 792 2152 me
810 2125 985 2152 concessa
1002 2113 1186 2152 videatur.

303 2169 421 2218 Quod
433 2169 465 2208 51
476 2169 653 2210 habenda
666 2181 756 2209 cum
770 2167 934 2207 Antonii
948 2167 1147 2208 latrocinio
1157 2167 1262 2220 pacis
1275 2166 1376 2208 ratio
