1509 2397
209 154 287 198 174
417 151 532 192 PRO
562 150 885 192 DEIOTARO.
917 153 1022 193 (311».
1046 138 1108 192 li.

201 273 291 299 cum
315 261 536 300 hominibus
554 261 690 300 nostris
715 261 1019 310 consuetudines,
1046 259 1326 309 amicitias,'res

201 315 440 367 rationesque
450 316 662 366 jungebat,
652 329 662 338 ·
684 323 729 353 ut
740 328 817 353 non
831 315 955 353 solum
970 315 1158 354 tetrarcha
1169 314 1323 362 nobilis,

200 369 268 407 sed
287 369 455 430 optimus
473 369 760 420 paterfamilias,
781 376 818 407 et
832 369 1146 420 diligentissimus
1157 367 1325 420 agricola

199 430 238 461 et
251 423 465 474 pecuarius,
485 423 698 461 haberetur.
729 422 836 470 Qui
826 424 956 474 1gitur,
978 423 1210 471 adolescens,
1222 433 1322 459 11011-

199 476 295 514 dum
312 478 418 515 tanta
433 477 555 528 gloria
569 477 765 528 praeditus,
782 477 879 515 m’hfl
893 490 1068 529 unquam
1079 476 1153 515 nisi
1166 488 1322 515 sevens-

198 530 294 569 sime
307 538 343 569 et
361 531 581 582 gravissime
595 531 744 577 fecerit;
765 531 812 580 is,
829 545 875 570 ea
889 531 1184 579 existimatione,
1200 530 1323 582 eaque

199 592 323 632 aetate‚
346 585 531 623 saltavit?

251 639 305 677 Χ.
336 639 488 676 Imitari
505 639 646 690 potius,
668 638 816 686 Castor,
844 639 905 677 avi
934 639 992 678 tui
1009 651 1134 678 mores
1153 637 1321 689 discipli-

196 704 365 745 namque
382 693 560 739 debebas,
582 706 700 744 quam
720 692 865 744 optimo
884 700 921 731 et
936 693 1144 732 clarissimo
1157 692 1240 731 viro
1257 692 1320 730 fu-

197 747 306 797 gitivi
325 760 388 785 ore
406 747 640 785 maledicere.
672 747 789 794 Quod
815 747 847 785 si
872 748 1090 786 saltatorem
1109 759 1226 785 avum
1250 745 1321 784 ha-

196 801 355 847 buisses,
371 813 495 852 neque
507 814 597 838 eum
612 801 751 848 virum,
765 801 868 839 unde
881 801 1038 853 pudoris
1050 800 1321 853 pudicitiaeque

196 855 374 906 exempla
391 862 609 906 peterentur
627 869 638 900 3
667 864 796 893 tamen
808 855 881 894 hoc
896 855 1145 894 maledictum
1156 854 1318 892 minime

194 908 235 946 in
254 909 362 946 illam
389 917 539 947 aetatem
565 909 791 947 conveniret.
833 909 988 957 Quibus
1017 910 1083 948 ille
1107 908 1243 947 studiis
1268 909 1318 947 ab

193 962 351 1001 ineunte
372 970 482 1001 aetate
500 977 538 1001 se
557 963 760 1010 imbuerat,
781 975 859 1001 non
879 963 1056 1012 saltandi,
1076 963 1143 1002 sed
1160 963 1257 1001 b'ene
1274 969 1320 1000 ut

193 1017 323 1064 armis,
356 1017 500 1069 optime
529 1026 574 1055 ut
611 1018 717 1069 equis
746 1025 940 1063 uteretur;
972 1031 1016 1056 ea
1044 1025 1173 1056 tamen
1203 1016 1317 1055 illum

192 1079 328 1109 cuncta
339 1072 436 1121 jam,
454 1079 563 1109 aetate
578 1072 724 1119 exacta,
741 1071 965 1110 defecerant.
987 1072 1141 1123 Itaque,
1155 1070 1315 1109 Deiota„-

190 1137 279 1163 rum
300 1138 389 1164 cum
407 1126 536 1176 plures
555 1125 594 1162 in
615 1138 760 1177 equum
780 1126 1032 1173 sustulissent,
1053 1125 1158 1177 quod
1171 1125 1314 1163 haerere

189 1178 231 1216 111
261 1192 305 1217 60
336 1192 452 1217 senex
483 1187 623 1230 posset,
655 1179 836 1217 admirari
866 1179 1091 1218 solebamus.
1123 1179 1203 1217 Hic
1224 1179 1315 1218 vero

188 1232 417 1281 adolescens,
439 1233 507 1284 qui
525 1246 633 1271 meus
652 1234 693 1270 in
706 1233 841 1271 Cilicia
854 1234 979 1280 milas,
992 1233 1032 1271 in
1046 1233 1196 1272 Graecia
1207 1245 1312 1271 com-

186 1286 326 1333 milito,
343 1287 431 1333 fuit,
445 1300 534 1325 cum
554 1288 594 1324 in
613 1287 680 1325 illo
699 1295 827 1325 nostro
840 1287 1007 1326 exercitu
1023 1287 1209 1339 equitaret
1220 1299 1310 1325 cum

187 1340 265 1378 suis
285 1341 436 1379 delectis
467 1342 675 1392 equitibus,
704 1354 800 1394 quos
824 1342 904 1379 una
934 1354 1024 1380 cum
1047 1354 1091 1380 eo
1113 1341 1163 1380 ad
1192 1341 1311 1379 Pom-

184 1395 318 1445 peium
336 1403 444 1446 pater
462 1396 631 1444 miserat,
653 1409 748 1447 quos
767 1408 970 1434 concursus
995 1395 1117 1434 facere
1136 1395 1306 1434 solebat!

185 1462 306 1499 quam
326 1463 364 1488 se
379 1450 549 1499 jactare!
581 1463 699 1501 quam
718 1457 930 1488 ostentare.
921 1450 929 1475 1
962 1462 1080 1501 quam
1099 1449 1245 1488 nemini
1267 1449 1309 1488 in

184 1502 253 1540 illa
272 1516 385 1542 causa
401 1504 526 1542 studio
546 1512 583 1542 et
601 1503 808 1556 cupiditate
827 1504 1054 1543 concedere.
1045 1504 1054 1529 1
1087 1503 1191 1542 Cum
1202 1516 1305 1551 vero,

184 1558 352 1596 exercitu
383 1558 535 1606 amisso,
567 1571 650 1609 ego,
683 1558 751 1610 qui
772 1558 875 1609 pacis
900 1565 1032 1596 auctor
1057 1570 1206 1609 semper
1231 1557 1306 1606 fui,

182 1619 271 1661 post
291 1612 555 1650 Pharsalicum
575 1622 705 1650 autem
720 1612 899 1663 proelium
918 1625 1048 1650 suasor
1066 1611 1225 1650 fuissem
1245 1624 1306 1649 ar-

182 1675 337 1703 morum
350 1678 425 1704 non
438 1666 765 1718 deponendorum,
780 1666 845 1704 sed
856 1665 1179 1716 abjiciendorum·
1168 1694 1180 1711 ‚
1200 1665 1306 1704 hunc

183 1718 233 1756 ad
251 1732 379 1757 meam
398 1720 662 1758 auctoritatem
680 1733 758 1759 non
787 1721 897 1772 potui
915 1720 1115 1768 adducere,
1146 1719 1251 1772 quod
1269 1726 1306 1757 et

180 1772 263 1824 ipse
282 1773 437 1812 ardebat
457 1774 581 1812 studio
610 1774 730 1826 ipsius
757 1775 863 1823 belli,
885 1782 922 1812 et
945 1774 1045 1826 patri
1074 1772 1305 1812 satisfacien-

181 1826 278 1864 dum
298 1840 376 1865 esse
395 1829 659 1866 arbitrabatur.
700 1829 813 1872 Felix
840 1829 914 1867 ista
936 1828 1088 1876 domus,
1119 1841 1207 1880 quae
1225 1839 1303 1866 non

176 1880 452 1932 impunitatem
472 1882 596 1920 solum
617 1882 754 1934 adepta
772 1883 834 1930 sit,
865 1882 930 1921 sed
959 1882 1074 1921 etiam
1099 1881 1303 1920 accusandi

179 1934 397 1974 licentiam:
429 1936 669 1974 calanutosus
695 1936 915 1985 Deiotarus,
945 1937 1013 1988 qui
1038 1943 1075 1974 et
1104 1938 1152 1974 ab
1172 1948 1216 1974 eo
1234 1935 1303 1987 qui

175 1988 220 2026 in
239 1989 374 2027 iisdem
393 1990 523 2028 castris
540 1990 669 2039 fuerit,
690 2003 767 2029 non
785 1990 901 2029 modo
912 1990 1017 2042 apud
1035 1998 1086 2038 te,
1104 1989 1169 2028 sed
1185 1989 1301 2028 etiam

177 2051 201 2080 a
220 2044 311 2091 suis,
332 2052 538 2082 accusetur.
569 2044 650 2082 Vos
669 2044 793 2083 vestra
820 2044 985 2083 secunda
1007 2042 1173 2091 fortuna,
1205 2043 1300 2082 Cas-

175 2104 249 2145 tor,
269 2109 346 2136 non
358 2098 529 2150 potastis,
550 2098 630 2137 sine
651 2099 957 2151 propinquorum
972 2097 1203 2146 calamitate,
1219 2108 1299 2135 esse

175 2152 343 2190 contenti
359 2155 376 2191 ἓ

228 2205 306 2244 ΧΙ.
336 2206 423 2246 Sint
441 2219 531 2245 sane
549 2206 773 2255 inimicitiae,
789 2221 878 2260 quae
896 2220 975 2246 esse
996 2218 1074 2245 non
1093 2205 1295 2245 debebant.

173 2258 262 2298 Rex
288 2260 391 2300 enim
413 2260 618 2300 Deiotarus
636 2269 801 2302 vestram
827 2262 1030 2309 familiam,
1049 2261 1239 2311 abjectam
1258 2265 1297 2298 et
