1509 2397
303 486 434 534 PRO
472 486 646 535 REGE
680 486 1046 536 DEIOTARO.

170 604 206 643 1.
237 605 360 655 CUM,
379 607 421 644 in
440 607 618 645 omnibus
643 607 763 646 causis
782 607 1031 659 gravioribus,
1059 605 1129 645 Cai
1149 604 1235 644 Cae-

116 672 191 708 sar,
225 660 333 698 initio
363 661 512 699 dicendi
542 662 771 700 commoveri
801 662 941 700 soleam
971 660 1234 698 vehementius

117 727 235 764 quam
255 714 405 752 videtur
423 715 484 752 vel
502 729 593 753 usus
611 716 672 754 vel
691 723 780 754 aetas
799 728 885 753 mea
902 715 1119 766 postulare3
1149 721 1236 751 tum

116 767 158 804 in
176 767 247 806 hac
266 769 377 806 causa
396 769 450 806 ita
467 782 530 806 me
555 770 679 807 multa
697 771 935 821 perturbant,
966 776 1024 816 ut,
1045 775 1236 819 quantum

117 833 205 859 mea
221 821 314 860 fides
327 823 442 860 studii
453 823 550 860 mihi
564 823 695 861 afferat
710 823 758 861 ad
773 824 936 861 salutem
950 823 1049 873 regis
1062 820 1236 859 Deiotari

116 874 408 923 defendendam,
429 884 580 914 tantum
600 877 789 915 facultatis
804 877 918 915 timor
938 876 1122 915 detrahat.
1150 874 1237 912 Pri-

115 940 241 976 mum,
257 929 340 968 dieo
359 943 428 981 pro
447 930 568 982 capite
586 930 823 982 fortunisque
837 931 934 982 regis
949 945 959 968 ε
991 929 1093 982 quod
1108 929 1238 980 ipsum

118 982 189 1020 etsi
206 995 284 1021 non
302 983 480 1045 iniquum
507 992 575 1031 est,
596 985 636 1022 in
655 993 722 1023 tuo
743 985 931 1023 duntaxat
954 984 1238 1036 pericu103ta-

118 1048 209 1074 men
228 1044 284 1075 est
302 1037 356 1075 ita
372 1038 614 1086 inusitatum,
634 1052 763 1090 regem
790 1039 922 1091 capitis
946 1051 1055 1076 reum
1081 1049 1174 1084 esse,
1194 1043 1239 1074 ut

118 1097 206 1128 ante
223 1090 295 1129 hoc
314 1099 466 1143 tempus
484 1105 560 1130 non
585 1093 632 1130 sit
657 1093 846 1131 auditum.
883 1092 1049 1140 Deinde,
1071 1103 1161 1129 eum
1180 1103 1239 1128 re-

121 1156 225 1196 gem,
246 1158 361 1196 quem
381 1158 514 1184 ornare
533 1155 644 1185 antea
657 1156 793 1186 cuncto
805 1160 894 1186 cum
909 1154 1041 1185 senatu
1055 1145 1238 1205 solebam,

109 1200 192 1248 “pro
210 1199 402 1250 perpetuis
422 1201 503 1249 ejus
521 1200 563 1238 in
585 1209 752 1239 nostram
778 1201 1058 1252 rempublicam
1079 1198 1239 1245 meritis,

122 1263 240 1299 nunc,
257 1261 388 1295 contra
406 1254 682 1292 atrocissimum
705 1256 864 1302 crimen,
892 1267 1003 1304 cogor
1028 1252 1241 1297 defendere.

123 1305 298 1353 Accedit,
318 1313 363 1344 ut
382 1316 643 1353 accusatorum
659 1309 813 1346 alterius
832 1307 1066 1353 crudelitate,
1087 1305 1243 1343 alterius

121 1358 362 1410 indignitate,
383 1363 594 1399 conturber.
636 1361 841 1400 Crudelem
862 1360 1083 1400 Castorem!
1115 1371 1162 1396 ne
1184 1358 1243 1396 ‹li-

124 1424 209 1450 cam
229 1413 452 1452 sceleratum
472 1423 508 1452 et
526 1415 717 1466 impium3
749 1416 816 1466 qui
835 1427 951 1466 nepos
970 1427 1087 1452 amm
1105 1413 1146 1450 in
1165 1412 1243 1450 dis-

123 1466 267 1504 crimen
288 1468 420 1519 capitis
439 1468 654 1515 adduxerit,
672 1469 1005 1520 adolescentiaeque
1031 1481 1109 1506 suae
1128 1474 1245 1504 terro-

125 1532 207 1558 rem
225 1520 396 1559 intulerit
415 1522 461 1569 ei,
483 1524 592 1571 cujus
611 1531 843 1561 senectutem
862 1523 960 1561 tueri
980 1530 1017 1559 et
1035 1529 1160 1582 tegere
1178 1519 1245 1558 de-

124 1574 264 1620 bebat3
294 1575 739 1628 commendationemque
768 1577 935 1615 ineuntis
963 1576 1082 1614 aetatis
1105 1575 1180 1612 ab
1172 1587 1246 1612 im-

124 1627 265 1678 pietate
298 1636 334 1667 et
364 1630 499 1667 scelere
521 1630 701 1675 duxeritg
733 1631 794 1668 avi
824 1643 990 1677 servum,
1022 1636 1246 1680 corruptum

125 1682 305 1732 praemiis,
323 1683 372 1721 ad
390 1684 645 1722 accusandum
660 1685 859 1723 dominum
880 1683 1090 1735 impulerit,
1106 1691 1142 1720 et
1156 1696 1178 1719 a
1191 1682 1248 1719 le-

111 1743 305 1786 gatorum
324 1737 484 1788 pedibus
503 1738 716 1777 abduxerit.
757 1738 929 1789 Fugitivi
954 1745 1099 1785 autem,
1123 1736 1248 1774 domi-

128 1801 224 1827 num
245 1791 465 1838 accusantis,
486 1799 523 1829 et
541 1792 742 1830 dominum
762 1794 972 1840 absentem,
994 1799 1030 1829 et
1044 1790 1247 1828 dominum

129 1843 404 1882 amicissimum
436 1854 572 1884 nostrae
601 1846 833 1897 reipublicae,
865 1859 954 1884 cum
984 1858 1025 1883 os
1052 1844 1246 1890 videbam,

129 1909 221 1935 cum
239 1899 354 1936 verba
368 1898 596 1944 audiebam;
626 1913 702 1938 non
718 1909 796 1938 tam
810 1900 990 1938 afflictam
1004 1898 1148 1949 regiam
1160 1909 1250 1936 con-

130 1950 315 1989 ditionem
345 1952 535 2001 dolebam,
567 1967 686 2005 quam
711 1954 758 1992 de
787 1953 948 1992 fortunis
980 1951 1249 1991 communibus

132 2004 437 2044 extimescebam.
466 2008 508 2045 N
511 2020 588 2052 am
610 2021 712 2055 cum,
732 2020 838 2046 more
855 2010 1061 2057 majorum,
1083 2005 1129 2043 de
1144 2017 1250 2043 servo

133 2057 175 2096 in
193 2058 409 2108 dominum,
430 2073 478 2099 ne
505 2062 703 2103 tormentis
722 2062 893 2114 quidem,
925 2060 1045 2112 quaeri
1063 2059 1174 2097 liceat
1193 2057 1250 2101 (in

136 2111 214 2161 qua
229 2114 436 2164 quastione
450 2114 556 2153 dolor
570 2128 699 2153 veram
713 2130 738 2154 v
739 2128 845 2154 ocem
857 2114 989 2153 elicere
1007 2113 1124 2165 possit
1135 2112 1251 2152 etiam

138 2165 186 2202 ab
204 2165 366 2215 invito)·
355 2196 366 2213 ,
397 2176 550 2207 exortus
569 2176 626 2207 est
645 2183 787 2217 servus,
805 2169 886 2221 qui,
900 2181 1017 2220 quem
1030 2167 1071 2205 in
1090 2166 1253 2219 equuleo

118 2219 329 2270 appellare
346 2233 421 2260 non
442 2230 580 2273 posset,
601 2235 690 2261 eum
711 2230 900 2263 accusaret
919 2222 1079 2262 solums.
1126 2226 1128 2228 ’
