1509 2397
179 103 255 147 176
386 100 501 139 PRO
530 99 853 140 DEIOTARO.
882 101 989 140 CAP.
1022 100 1085 139 13.

181 209 258 248 tuis
277 208 473 261 promissis
501 209 544 248 in
561 208 740 248 fraudem
764 209 995 261 impulsum,
1015 220 1097 248 esse
1116 206 1311 248 confessus

186 271 243 303 est
257 265 274 302 ?

240 317 343 356 XII.
372 317 475 365 Quae
494 324 550 356 est
574 317 648 355 ista
677 323 758 355 tam
776 316 995 368 impudens,
1022 323 1103 355 tam
1138 315 1316 362 crudelis,

189 378 271 410 tam
289 371 542 409 immoderata
564 371 854 410 inhumanitas?
888 371 1033 410 Idcirco
1054 369 1096 407 in
1128 370 1228 408 hanc
1249 383 1317 407 ur-

188 428 279 465 bem
295 425 447 473 venisti,
467 433 510 463 ut
530 425 647 474 hujus
662 425 767 463 urbis
782 426 872 474 jura
891 432 928 463 et
947 424 1127 476 exempla
1145 436 1317 462 corrum-

189 492 313 532 peres,
335 478 618 530 domesticaque
643 479 886 517 immanitate
904 485 1043 517 nostrae
1063 477 1226 517 civitatis
1244 477 1320 519 hu-

193 534 417 572 manitatem
432 533 652 584 inquinares
669 535 686 571 Ρ

249 588 308 626 At
328 600 446 638 quam
471 594 579 625 acute
605 587 760 625 collecta
779 587 964 625 crimina!
996 585 1230 634 Blesamius,
1261 585 1323 623 in-

198 642 297 694 quit,
326 642 424 690 (ejus
451 640 555 678 enim
586 641 755 688 nomine,
780 641 917 693 optimi
939 640 1122 687 hominis,
1153 652 1224 678 nec
1252 639 1324 678 tibi

197 695 334 747 ignoti,
350 695 601 733 maledicebat
616 695 702 742 tibi)
723 695 772 733 ad
790 708 922 746 regem
937 694 1098 733 scribere
1113 693 1270 740 solebat,
1286 700 1325 731 te

200 749 242 788 in
267 748 414 788 invidia
439 762 545 794 esse3
575 756 782 800 tyrannum
811 748 1049 794 existimari3
1079 748 1205 786 statua
1229 747 1328 786 inter

202 816 310 854 reges
328 803 452 854 posita
470 802 617 841 animos
642 803 847 841 hominum
873 803 1117 841 vehementer
1135 802 1297 840 offensos
1313 815 1327 848 ;

203 857 339 910 plaudi
371 857 442 895 tibi
471 869 549 895 non
583 857 712 895 solere.
744 857 837 895 Non
873 856 1071 908 intelligis,
1106 855 1248 904 Caesar,
1280 867 1330 894 ex

206 911 364 950 urbanis
392 911 671 949 malevolorum
697 911 949 949 sermunculis
973 911 1056 949 haec
1084 912 1133 949 ab
1152 909 1234 949 istis
1252 922 1333 948 esse

208 966 398 1004 collecta?
428 965 647 1003 Blesamius
672 972 880 1017 tyrannum
905 965 1096 1003 Caesarem
1122 964 1299 1003 scriberet
1312 965 1330 1002 ἓ

208 1019 423 1058 multorum
439 1019 542 1057 enim
562 1019 703 1057 civium
719 1019 844 1071 capita
862 1018 1033 1065 viderat;
1063 1019 1206 1056 multos
1222 1019 1335 1068 jussu

214 1073 376 1113 Caesaris
394 1081 562 1120 vexatos,
579 1075 807 1122 verberatos,
823 1080 999 1119 necatos3
1021 1073 1164 1111 multas
1178 1071 1337 1110 afflictas

216 1135 254 1166 et
273 1140 418 1166 eversas
434 1127 567 1165 domos
584 1141 595 1171 ;
622 1127 778 1165 armatis
792 1127 981 1165 militibus
995 1127 1178 1165 refertum
1192 1126 1335 1164 forum.

215 1181 318 1229 Quae
336 1194 485 1232 semper
500 1181 540 1219 in
559 1181 660 1219 civili
679 1181 835 1220 victoria
845 1181 1046 1230 sensimus,
1060 1194 1118 1230 ea,
1131 1187 1169 1219 te
1183 1179 1338 1229 victore,

217 1247 296 1274 non
314 1235 493 1273 vidimus.

272 1289 400 1337 Solus,
430 1288 607 1340 inquam,
636 1302 690 1337 es,
714 1288 786 1327 cai
812 1289 955 1337 Caesar,
982 1289 1092 1339 cujus
1119 1288 1160 1326 in
1187 1286 1343 1327 victoria

221 1342 396 1382 ceciderit
422 1355 550 1390 nemo,
578 1343 651 1381 nisi
677 1351 858 1382 armatus.
895 1343 964 1392 Et,
992 1356 1110 1395 quem
1127 1355 1198 1381 nos
1215 1342 1342 1390 liberi,

221 1398 262 1436 in
282 1395 435 1435 summa
461 1397 597 1448 populi
625 1397 796 1436 Romani
817 1398 991 1436 libertate
1018 1396 1113 1446 nati,
1132 1409 1211 1435 non
1229 1395 1346 1434 modo

223 1464 302 1490 non
321 1458 544 1502 tyrannum,
577 1451 642 1489 sed
667 1451 783 1489 etiam
805 1451 1146 1490 clementissimum
1167 1451 1209 1489 in
1227 1450 1348 1489 victo-

225 1503 294 1554 ria,
316 1505 492 1543 ducimus
509 1519 521 1551 ;
545 1505 578 1543 is
597 1505 806 1554 Blesamio,
823 1506 892 1557 qui
906 1505 1000 1544 vivit
1011 1505 1052 1543 in
1071 1517 1202 1556 regno,
1219 1511 1350 1556 tyran-

227 1572 302 1598 nus
335 1558 454 1597 videri
482 1561 639 1610 potest?
670 1560 778 1598 Nam
810 1559 858 1598 de
887 1559 1014 1598 statua
1043 1559 1130 1611 quis
1159 1558 1347 1610 queritur,

228 1613 310 1652 una
341 1613 566 1664 praesertim,
609 1626 699 1652 cum
728 1620 808 1652 tam
846 1615 989 1652 multas
1024 1613 1151 1651 videat
1167 1615 1184 1651 Ρ
1224 1611 1351 1651 Valde

231 1667 333 1706 enim
353 1667 604 1705 invidendum
624 1675 679 1706 est
698 1668 780 1717 ejus
800 1668 948 1716 statuis,
969 1668 1079 1717 cujus
1097 1666 1249 1718 tropaeis
1275 1678 1354 1704 non

230 1720 477 1760 invidemus.·
498 1722 620 1770 Nam,
649 1721 681 1760 si
709 1722 814 1760 locus
843 1722 952 1761 affert
987 1720 1187 1769 invidiam,
1221 1720 1354 1758 nullus

233 1775 341 1813 locus
371 1781 439 1822 est,
471 1775 521 1813 ad
553 1782 719 1813 statuam
745 1775 916 1827 quidem,
941 1775 1092 1815 Rostris
1114 1774 1260 1814 clarior.
1290 1773 1355 1812 De

234 1829 374 1881 plausu
400 1836 531 1867 autem
556 1828 651 1880 quid
674 1829 924 1881 respondeam
938 1832 956 1869 ,⁹
985 1829 1053 1882 qui
1075 1841 1145 1867 nec
1168 1828 1358 1867 desidera-

236 1891 300 1921 tus
318 1895 494 1934 unquam
513 1896 536 1920 a
564 1890 601 1921 te
620 1890 689 1930 est,
710 1892 747 1922 et
764 1896 1059 1936 nonnunquam,
1089 1881 1358 1934 obstupefactis

238 1936 475 1985 hominibus,
490 1936 574 1988 ipsa
593 1937 842 1976 admiratione
861 1951 1096 1990 compressus
1115 1944 1195 1983 aet;
1226 1943 1263 1974 et
1280 1935 1359 1974 for-

239 1998 341 2029 tasse
360 2003 403 2029 eo
421 1991 711 2042 praetermissus,
732 1992 824 2044 quia
844 1992 941 2031 nihil
960 1992 1117 2044 vulgare
1140 1999 1179 2030 te
1197 1989 1360 2042 dignum

243 2044 362 2083 videri
380 2052 515 2096 potest.

295 2098 423 2137 XIII.
453 2099 566 2138 Nihil
584 2112 608 2138 a
626 2112 688 2138 me
705 2099 866 2139 arbitror
883 2099 1194 2153 praetermissum,
1207 2097 1273 2138 sed
1289 2097 1362 2136 ali-

243 2152 339 2206 quid
357 2152 405 2192 ad
423 2161 635 2194 extremam
647 2167 770 2194 causae
785 2162 934 2207 partem
953 2162 1198 2195 reservatum.
1229 2152 1278 2192 Id
1292 2165 1363 2191 au-
