1509 2397
394 94 735 136 PHILIPPICA
765 96 844 135 XI.
874 96 981 136 CAP.
1003 97 1042 134 4.
1204 97 1285 136 343

151 208 331 248 mortum
362 211 478 256 atque
496 203 536 242 in
556 205 640 254 ejus
662 217 816 257 corpore
834 204 1035 244 lacerando
1054 211 1171 256 atque
1189 218 1282 245 vex-

153 255 268 305 ando,
289 269 379 296 cum
398 258 573 297 animum
585 259 722 298 satiare
736 272 812 298 non
831 266 972 311 posset,
989 259 1117 298 oculos
1135 259 1283 311 paverit

157 322 256 348 suos.

208 364 284 402 IV.
315 365 354 405 O
368 367 492 405 multo
503 366 675 406 miserior
689 367 906 413 Dolabella,
922 379 1040 418 quam
1059 366 1138 414 ine,
1161 380 1279 419 quem

156 424 200 456 tu
219 419 481 459 miserrimum
496 435 575 460 esse
589 422 744 460 voluisti
761 423 769 459 3
791 421 953 460 Dolores
968 421 1185 458 Trebonius
1200 435 1286 472 per-

156 472 247 510 tulit
271 486 456 525 magnos:
486 475 616 523 multi,
637 489 684 514 ex
710 476 836 514 morbi
863 476 1060 526 gravitate,
1087 476 1278 524 majores3

155 539 252 577 quos
271 534 400 567 tamen
419 542 496 567 non
520 530 693 577 miseros,
719 530 784 568 sed
805 530 1023 575 laboriosos,
1045 528 1167 567 dicere
1186 530 1282 567 sole-

156 592 257 619 mus.
295 582 456 634 Longus
474 584 549 622 fuit
567 584 674 622 dolor
693 584 824 623 bidui:
856 592 894 622 at
913 583 1188 645 compluribus,
1211 596 1281 621 an-

157 646 296 673 norum
316 650 415 688 saepe
433 639 671 677 multorum:
707 652 776 677 nec
795 651 882 676 vero
901 639 1074 689 graviora
1092 645 1183 675 sunt
1202 650 1284 676 car-

156 689 315 728 nificum
333 697 535 741 tormenta,
557 705 675 744 quam
694 693 888 731 interdum
908 692 1162 730 cruciamenta
1180 703 1284 729 mor-

157 744 433 784 borum.A1ia
457 755 561 794 sunt,
589 747 677 794 alia,
701 747 876 808 inquam,
897 759 920 785 0
945 745 1190 797 perditissimi
1212 745 1283 784 ho-

157 797 280 836 mines
309 807 346 837 et
371 801 636 848 amentissimi,
666 802 792 839 multo
816 801 1034 839 miseriora.
1065 812 1172 847 nam,
1203 813 1282 860 quo

156 853 280 901 major
298 853 354 891 vis
372 861 428 891 est
447 854 566 892 animi
581 867 699 916 quam
718 855 895 906 corporis,
909 855 980 892 hoc
1000 863 1089 892 sunt
1107 853 1282 905 graviora

157 919 201 944 ea
220 919 307 957 quae
325 907 590 970 concipiuntur
609 910 763 970 animo,
777 923 896 961 quam
921 909 988 946 illa
1007 922 1094 960 quae
1113 921 1278 959 001Ρο15.

157 960 361 998 Miserior
350 962 481 1012 igitur,
496 963 564 1014 qui
583 963 739 1015 suscipit
754 963 794 1000 in
814 976 854 1001 se
874 963 1007 1010 scelus,
1024 975 1143 1014 quam
1161 962 1194 1000 is
1213 962 1282 1013 qui

155 1014 310 1052 alterius
329 1015 476 1055 facinus
496 1017 621 1055 subire
640 1018 799 1069 cogitur.
831 1017 1031 1056 eruciatus
1051 1024 1106 1055 est
1121 1030 1143 1054 a
1158 1016 1280 1054 Dola-

154 1069 257 1106 bella
276 1069 518 1117 Trebonius3
550 1079 587 1110 et
615 1072 770 1123 quidem
792 1079 828 1110 et
851 1085 873 1110 a
900 1071 1279 1122 Carthaginiensibus

153 1123 343 1174 Regulus.
376 1125 424 1162 I'n
444 1139 523 1176 qua
542 1139 582 1164 re
605 1139 693 1164 cum
718 1125 969 1164 crudelissimi
991 1125 1101 1163 Poeni
1116 1124 1278 1174 judicati

153 1177 227 1215 sint
246 1176 286 1214 in
304 1178 425 1226 hoste,
447 1180 541 1230 quid
559 1180 600 1217 in
620 1180 700 1218 cive
718 1180 923 1246 Dolabella
939 1179 1170 1230 judicandus
1189 1186 1244 1217 est
1258 1181 1276 1217 9

153 1231 222 1269 An
234 1245 322 1270 vero
342 1232 413 1270 hoc
432 1234 703 1272 conferendum
719 1237 804 1273 est?
800 1240 891 1272 aut
906 1233 1178 1281 dubitandum,
1192 1241 1278 1271 uter

154 1284 358 1325 miserior?
398 1287 494 1335 isne,
527 1289 636 1338 cujus
665 1297 828 1327 mortem
852 1296 1003 1326 senatus
1032 1288 1279 1340 populusque

156 1339 358 1378 Romanus
377 1341 598 1388 ulciscitur3
629 1355 679 1380 an
697 1342 743 1391 is,
769 1343 836 1394 qui
859 1342 1004 1381 cunctis
1023 1345 1152 1380 senati.
1157 1355 1174 1379 5
1194 1354 1279 1380 sen-

155 1394 283 1432 tentiis
309 1395 426 1434 hostis
457 1405 512 1434 est
537 1396 763 1446 judicatus?
799 1397 920 1443 Nam,
949 1396 1091 1435 caeteris
1119 1396 1278 1447 quidem

155 1456 243 1486 wtae
274 1449 459 1500 partibus,
492 1451 577 1502 quis
608 1459 676 1498 est,
716 1451 784 1503 qui
813 1451 945 1504 possit,
980 1450 1061 1488 sine
1093 1450 1279 1489 Trebonii

154 1503 329 1540 maximin
357 1505 603 1551 contumelis,
639 1505 807 1544 conferre
838 1506 957 1543 vitam
977 1504 1162 1542 Trebonii
1188 1517 1278 1542 cum

156 1556 392 1595 Dolabellae.
383 1558 401 1580 ‘²
429 1559 603 1598 Alterius
621 1560 835 1607 consilium,
862 1559 1075 1620 ingenium,
1095 1558 1277 1597 humani-

154 1618 286 1659 tatem,
307 1611 577 1660 innocentiam,
608 1614 917 1665 magnitudinem
945 1613 1065 1652 animi
1088 1613 1129 1650 in
1155 1612 1280 1664 patria

153 1664 362 1715 liberanda,
380 1667 465 1718 quis
483 1667 654 1719 ignorat.
643 1668 660 1693 '²
689 1669 830 1715 Alteri,
851 1682 874 1707 a
892 1681 1024 1720 puero,
1044 1680 1114 1718 pro
1133 1667 1278 1706 deliciis

155 1720 359 1759 crudelitas
386 1721 487 1759 fuit:
525 1722 662 1761 deinde
685 1736 729 1760 ea
752 1723 960 1761 libidinum
990 1721 1202 1773 turpitudo,
1232 1730 1277 1760 ut

153 1773 195 1812 in
213 1774 285 1813 hoc
303 1775 351 1813 sit
376 1788 525 1827 semper
543 1777 706 1825 laetatus,
737 1777 842 1829 quod
860 1791 903 1815 ea
921 1777 1073 1822 faceret,
1090 1789 1177 1827 quae
1202 1775 1275 1814 sibi

153 1828 268 1878 objici
291 1842 340 1867 ne
358 1831 406 1868 ab
436 1830 591 1869 inimico
611 1831 767 1883 quidem
792 1839 945 1883 possent
966 1830 1190 1869 verecundo.
1221 1830 1277 1869 Et

149 1882 212 1921 hic
235 1883 324 1935 (Dii
340 1883 574 1923 immortales
590 1885 620 1933 1)
646 1886 852 1947 aliquando
870 1886 944 1924 fuit
961 1898 1095 1923 meus:
1126 1884 1275 1923 occulta

151 1937 252 1976 enim
272 1945 379 1976 erant
389 1938 482 1977 vitia
499 1952 577 1978 non
593 1939 814 2001 inquirenti.
844 1941 984 1992 Neque
999 1951 1103 1977 nunc
1116 1938 1274 1977 fortasse

149 1991 295 2031 alienus
314 1994 362 2031 ab
381 2006 425 2031 eo
443 2006 579 2042 essem,
594 1994 668 2033 nisi
686 1995 751 2032 ille
770 1995 890 2042 vobis,
905 1994 978 2032 nisi
996 1992 1186 2032 moenibus
1203 2006 1273 2044 pa-

148 2046 244 2095 triae,
264 2047 337 2085 nisi
353 2046 444 2086 huic
470 2048 572 2096 urbi,
596 2048 669 2087 nisi
696 2049 784 2087 Diis
809 2049 1025 2100 penatibus,
1045 2047 1119 2085 nisi
1137 2047 1210 2085 aris
1233 2054 1270 2085 et

146 2100 238 2139 focis
257 2100 432 2139 omnium
454 2105 641 2151 nostrum,
670 2103 743 2141 nisi
769 2103 934 2155 denique
959 2110 1107 2140 naturae
1133 2108 1171 2140 et
1195 2101 1274 2139 hu-

141 2154 336 2203 manitati,
359 2155 536 2195 inventus
561 2166 656 2196 esset
680 2157 870 2196 inimicus.
896 2160 937 2195 A
958 2170 1035 2209 quo
1063 2155 1265 2204 admoniti,

144 2208 362 2260 diligentius
380 2217 418 2249 et
434 2210 656 2262 vigilantius
673 2225 874 2253 caveamus
887 2211 1119 2251 Antonium.
