1509 2397
248 93 324 131 108
488 92 603 132 PRO
634 93 882 133 MILONE.
912 94 1018 133 CAP.
1051 97 1114 132 28.

238 203 322 251 ejus
341 202 566 247 illaturum3
597 201 673 252 qua
690 202 835 240 invidia
857 201 946 240 huic
966 210 1060 241 esset
1079 203 1147 241 tali
1167 203 1254 242 viro
1272 216 1363 241 eon-

239 256 506 307 flagrandum,
496 270 506 279 ·
537 257 604 307 qui
628 256 810 321 Appium
832 256 1003 304 fratrem,
1033 257 1231 296 hominem
1259 257 1358 296 mihi

239 313 487 360 conjunctum
502 310 685 348 fidissima
697 310 832 360 gratia,
850 311 1047 348 absentem
1061 310 1109 349 de
1126 311 1358 362 possessione

239 364 352 402 fundi
371 363 531 425 dejecit3
562 364 629 415 qui
649 364 831 415 parietem
851 363 902 401 sic
920 376 988 414 per
1006 364 1238 418 vestibulum
1253 378 1355 404 soro-

239 417 291 456 ris
306 418 468 456 instituit
487 417 636 462 ducere,
654 418 705 455 sic
724 430 833 467 agere
851 417 1116 465 fundamenta,
1129 426 1174 456 ut
1188 414 1353 459 sororem

238 483 316 510 non
327 472 442 510 modo
454 471 640 509 vestibulo
651 471 829 522 privaret,
843 470 907 508 sed
918 471 1022 508 omni
1038 471 1145 509 aditu
1157 482 1195 511 et
1206 473 1352 513 limine.

293 526 418 564 XXV
423 525 503 563 ΙΙΙ.
518 525 771 576 Quamquam
785 524 866 562 haec
881 525 1063 575 quidem'
1048 539 1130 574 Jam
1142 527 1354 567 tolerabilia

237 580 490 623 videbantur3
522 579 591 616 etsi
621 578 844 639 aequaliter
834 591 874 615 in
897 579 1190 629 rempublicam,
1217 581 1258 618 in
1276 583 1355 633 pri-

238 641 358 679 vatos,
384 634 425 671 in
454 633 697 683 longinquos,
728 633 769 669 in
792 631 1041 683 propinquos,
1066 633 1107 670 in
1132 634 1287 682 alienos,
1313 637 1355 674 in

238 688 540 735 suos,irruebat3
562 686 640 733 sed,
649 686 772 724 neseio
785 686 1018 736 quomodO,
1003 699 1086 735 Jam
1099 701 1172 725 usu
1184 689 1354 729 obduru-

238 749 319 780 erat
331 750 367 780 et
374 741 623 792 percalluerat
635 740 795 778 civitatis
807 740 1037 778 incredibilis
1049 741 1241 791 patientia.
1253 743 1355 792 Quae

238 808 326 834 vero
345 795 502 833 aderant
516 796 613 844 jam,
635 803 672 832 et
690 794 976 855 impendebant,
993 807 1162 845 quonam
1179 797 1294 836 modo
1309 811 1354 837 ea

237 857 306 887 aut
324 849 510 900 depellere
528 848 757 938 potuissetis,
778 856 845 886 aut
858 847 986 886 ferre?
1017 848 1231 899 Imperium
1243 851 1275 889 si
1288 851 1354 891 ille

237 910 372 941 nactus
385 910 497 941 ffiset.
555 902 713 940 ‚omitto
728 902 858 946 socios,
876 908 1022 940 exteras
1033 903 1217 951 nationes,
1230 918 1351 956 reges,

238 957 467 1002 tetrarchas3
498 964 585 994 vota
610 956 710 993 enim
743 955 927 1002 faceretis,
961 963 1005 993 ut
1029 956 1069 993 in
1088 970 1150 994 eos
1168 970 1208 996 se
1225 959 1354 1009 potius

238 1010 419 1059 mitteret,
446 1023 563 1062 quam
588 1010 629 1047 in
648 1017 788 1048 vestras
809 1009 1073 1060 possessiones,
1094 1018 1217 1050 vestra
1241 1020 1353 1061 tecta,

237 1071 379 1103 vestras
399 1064 601 1117 pecunias:
632 1064 811 1115 pecunias
830 1063 943 1101 dico
928 1073 945 1101 r
975 1076 999 1101 a
1015 1063 1157 1111 liberis,
1171 1079 1194 1103 a
1211 1066 1353 1115 liberis,

239 1118 406 1162 (medius
425 1118 555 1165 fidius)
576 1125 613 1156 et
631 1131 655 1155 a
673 1117 898 1168 conjugibus
913 1117 1057 1163 vestris,
1074 1130 1274 1170 nunquam
1289 1121 1356 1160 ille

238 1172 438 1210 effrenatas
453 1185 541 1210 suas
559 1171 735 1210 libidines
750 1171 989 1209 cohibuisset.
1019 1171 1064 1208 Ι·
1053 1172 1134 1223 mgi
1147 1173 1230 1211 haec
1242 1182 1357 1225 puta-

238 1226 300 1273 tis,
322 1239 408 1277 quae
426 1228 589 1292 patent?
617 1225 712 1272 haec,
726 1238 813 1276 quae
824 1233 914 1263 nota
933 1233 1023 1263 sunt
1034 1226 1212 1265 omnibus
1222 1227 1241 1264 Ρ
1269 1242 1358 1280 quae

239 1283 448 1319 tenentur?
477 1293 559 1318 serv
561 1292 670 1318 orum
702 1279 888 1317 exercitus
917 1278 1031 1316 illum
1058 1279 1098 1316 in
1129 1280 1236 1320 Urbe
1265 1295 1356 1321 con.

239 1334 470 1385 scripturum
487 1332 617 1380 fuisse,
633 1347 701 1384 per
720 1346 816 1384 quos
833 1340 954 1371 totam
968 1334 1258 1384 rempublicam,
1278 1349 1357 1376 ras-

238 1401 315 1440 que
329 1388 493 1439 privatas
513 1388 702 1434 omnium,
722 1386 942 1438 possideret.

293 1441 571 1489 Quamobrem,
585 1442 631 1489 si,
645 1448 845 1480 cruentum
859 1440 1032 1491 gladium
1052 1448 1196 1490 tenens,
1212 1444 1355 1484 clama-

239 1503 295 1534 ret
314 1495 365 1533 T.
386 1496 543 1534 Annius
560 1510 569 1534 :
603 1499 632 1517 “-
651 1495 812 1542 Adeste‚
839 1507 981 1547 quaeSO,
1004 1503 1120 1547 atque
1137 1496 1280 1547 audite,
1300 1499 1355 1538 ci-

238 1550 328 1588 ves!
359 1550 406 1589 P.
428 1549 608 1588 Clodium
627 1549 822 1587 interfeci:
853 1550 934 1598 ejus
947 1548 1106 1596 furores,
1127 1563 1223 1602 quos
1235 1553 1354 1592 nullis

235 1604 319 1653 jam
336 1603 500 1654 legibus,
528 1604 644 1642 nullis
670 1602 838 1652 judiciis,
863 1603 1011 1641 frenare
1029 1611 1261 1654 poteramus,
1282 1605 1356 1647 hoc

239 1656 338 1695 ferro
357 1665 394 1694 et
412 1657 483 1695 hac
507 1657 641 1695 dextra
670 1670 693 1695 a
716 1656 922 1695 cervicibus
949 1657 1081 1695 vestris
1105 1658 1253 1709 repuli3
1283 1673 1354 1712 per

237 1722 301 1749 me
325 1717 369 1749 ut
394 1723 535 1771 unum,
567 1712 645 1760 jus,
676 1710 847 1762 aequitas,
878 1711 994 1781 leggs,
1021 1710 1188 1760 libertas,
1214 1713 1354 1763 pudor,

238 1764 436 1816 pudicitia,
466 1764 506 1802 in
536 1765 685 1803 civitate
710 1764 963 1809 manerent3''
993 1773 1087 1802 esset
1106 1778 1193 1803 vero
1216 1766 1356 1806 timen-

238 1819 349 1865 dum,
362 1830 529 1870 quonam
545 1819 660 1856 modo
673 1818 713 1856 id
727 1818 841 1857 ferret
852 1817 1007 1856 civitas?
1022 1818 1064 1856 N
1066 1831 1141 1857 unc
1153 1819 1254 1858 enim
1267 1822 1356 1873 quis

238 1880 308 1919 est,
325 1872 393 1924 qui
403 1884 480 1910 non
494 1874 661 1923 probet?
683 1873 751 1924 qui
769 1885 845 1910 non
857 1872 1019 1911 laudet?
1040 1872 1107 1923 qui
1121 1885 1211 1922 non,
1227 1887 1353 1915 unum

237 1934 326 1978 post
343 1926 545 1964 hominum
557 1927 783 1964 memoriam
795 1926 845 1964 Τ.
861 1926 1040 1964 Annium
1052 1927 1265 1978 plurimum
1280 1929 1354 1968 rei-

238 1980 403 2032 publicae
420 1979 620 2031 profuisse,
640 1980 813 2018 maxima
835 1978 968 2018 laetitia
991 1981 1181 2031 populum
1205 1982 1353 2022 Roma-

236 2046 347 2081 num,
367 2041 541 2072 cunctam
563 2034 733 2081 Italiam,
760 2034 930 2072 nationes
948 2046 1093 2081 omnes,
1117 2035 1294 2085 affecisse,
1315 2045 1353 2076 et

238 2088 353 2136 dioet,
373 2095 411 2126 et
429 2087 565 2126 sentiat
581 2089 598 2125 ἓ
628 2088 804 2139 Nequeo,
818 2096 945 2126 vetera
957 2088 1026 2126 illa
1036 2088 1170 2139 populi
1181 2089 1352 2129 Romani

237 2149 381 2194 quanta
397 2141 540 2181 fuerint
557 2141 711 2192 gaudia,
728 2141 910 2190 judicare.
951 2141 1102 2181 Multas
1124 2149 1252 2197 tam-en
1267 2144 1351 2194 jam
