<?xml version="1.0" encoding="UTF-8"?>
<!DOCTYPE html PUBLIC "-//W3C//DTD XHTML 1.0 Transitional//EN"
    "http://www.w3.org/TR/xhtml1/DTD/xhtml1-transitional.dtd">
<html xmlns="http://www.w3.org/1999/xhtml" xml:lang="en" lang="en">
 <head>
  <title>
</title>
<meta http-equiv="Content-Type" content="text/html;charset=utf-8" />
  <meta name='ocr-system' content='tesseract 3.04.00' />
  <meta name='ocr-capabilities' content='ocr_page ocr_carea ocr_par ocr_line ocrx_word'/>
</head>
<body>
  <div class='ocr_page' id='page_1' title='image "./operaern08ciceuoft_0166.png"; bbox 0 0 1509 2397; ppageno 0'>
   <div class='ocr_carea' id='block_1_1' title="bbox 196 107 1057 156">
    <p class='ocr_par' dir='ltr' id='par_1_1' title="bbox 196 107 1057 156">
     <span class='ocr_line' id='line_1_1' title="bbox 196 107 1057 156; baseline 0.003 -10"><span class='ocrx_word' id='word_1_1' title='bbox 196 109 271 146; x_wconf 76' lang='lat'>152</span> <span class='ocrx_word' id='word_1_2' title='bbox 452 108 566 156; x_wconf 73' lang='lat' dir='ltr'>PRO</span> <span class='ocrx_word' id='word_1_3' title='bbox 595 107 859 148; x_wconf 81' lang='lat' dir='ltr'><strong>LIGARIO.</strong></span> <span class='ocrx_word' id='word_1_4' title='bbox 888 107 996 148; x_wconf 54' lang='lat' dir='ltr'>CAR</span> <span class='ocrx_word' id='word_1_5' title='bbox 1017 110 1057 152; x_wconf 73' lang='grc'>2.</span> 
     </span>
    </p>
   </div>
   <div class='ocr_carea' id='block_1_2' title="bbox 177 216 1365 1186">
    <p class='ocr_par' dir='ltr' id='par_1_2' title="bbox 179 216 1365 916">
     <span class='ocr_line' id='line_1_2' title="bbox 187 216 1313 269; baseline 0.002 -16"><span class='ocrx_word' id='word_1_6' title='bbox 187 216 257 267; x_wconf 88' lang='grc'>(1111</span> <span class='ocrx_word' id='word_1_7' title='bbox 275 223 382 254; x_wconf 84' lang='lat' dir='ltr'>erant</span> <span class='ocrx_word' id='word_1_8' title='bbox 399 216 440 254; x_wconf 86' lang='lat' dir='ltr'>in</span> <span class='ocrx_word' id='word_1_9' title='bbox 465 216 616 266; x_wconf 87' lang='lat' dir='ltr'>Africa,</span> <span class='ocrx_word' id='word_1_10' title='bbox 643 224 732 256; x_wconf 86' lang='lat' dir='ltr'>ante</span> <span class='ocrx_word' id='word_1_11' title='bbox 756 216 960 255; x_wconf 87' lang='lat' dir='ltr'>audierunt</span> <span class='ocrx_word' id='word_1_12' title='bbox 981 216 1077 268; x_wconf 78' lang='lat' dir='ltr'>geri,</span> <span class='ocrx_word' id='word_1_13' title='bbox 1104 229 1223 269; x_wconf 86' lang='lat' dir='ltr'>quam</span> <span class='ocrx_word' id='word_1_14' title='bbox 1244 230 1313 268; x_wconf 81' lang='lat' dir='ltr'>pa-</span> 
     </span>
     <span class='ocr_line' id='line_1_3' title="bbox 187 269 1312 333; baseline 0.002 -26"><span class='ocrx_word' id='word_1_15' title='bbox 187 269 275 309; x_wconf 76' lang='lat' dir='ltr'>rari.</span> <span class='ocrx_word' id='word_1_16' title='bbox 320 269 412 317; x_wconf 84' lang='lat' dir='ltr'>Quo</span> <span class='ocrx_word' id='word_1_17' title='bbox 437 271 582 319; x_wconf 90' lang='lat' dir='ltr'>audito,</span> <span class='ocrx_word' id='word_1_18' title='bbox 612 272 755 333; x_wconf 75' lang='lat' dir='ltr'>partim</span> <span class='ocrx_word' id='word_1_19' title='bbox 785 271 992 332; x_wconf 82' lang='lat' dir='ltr'>cupiditate</span> <span class='ocrx_word' id='word_1_20' title='bbox 1021 271 1312 318; x_wconf 68' lang='lat' dir='ltr'>inconsiderata,</span> 
     </span>
     <span class='ocr_line' id='line_1_4' title="bbox 185 323 1314 376; baseline 0.001 -15"><span class='ocrx_word' id='word_1_21' title='bbox 185 323 327 374; x_wconf 85' lang='lat' dir='ltr'>partim</span> <span class='ocrx_word' id='word_1_22' title='bbox 341 336 437 362; x_wconf 85' lang='lat' dir='ltr'>caeco</span> <span class='ocrx_word' id='word_1_23' title='bbox 452 325 620 376; x_wconf 87' lang='lat' dir='ltr'>quodam</span> <span class='ocrx_word' id='word_1_24' title='bbox 636 326 785 373; x_wconf 90' lang='lat' dir='ltr'>timore,</span> <span class='ocrx_word' id='word_1_25' title='bbox 801 325 926 376; x_wconf 91' lang='lat' dir='ltr'>primo</span> <span class='ocrx_word' id='word_1_26' title='bbox 941 325 1086 373; x_wconf 84' lang='lat' dir='ltr'>salutis,</span> <span class='ocrx_word' id='word_1_27' title='bbox 1100 332 1186 376; x_wconf 88' lang='lat' dir='ltr'>post</span> <span class='ocrx_word' id='word_1_28' title='bbox 1197 324 1314 363; x_wconf 81' lang='lat' dir='ltr'>etiam</span> 
     </span>
     <span class='ocr_line' id='line_1_5' title="bbox 185 377 1314 431; baseline 0.002 -17"><span class='ocrx_word' id='word_1_29' title='bbox 185 377 303 415; x_wconf 86' lang='lat' dir='ltr'>studii</span> <span class='ocrx_word' id='word_1_30' title='bbox 328 379 401 426; x_wconf 89' lang='lat' dir='ltr'>sui,</span> <span class='ocrx_word' id='word_1_31' title='bbox 432 381 654 430; x_wconf 86' lang='lat' dir='ltr'>quaerebant</span> <span class='ocrx_word' id='word_1_32' title='bbox 683 379 852 431; x_wconf 84' lang='lat' dir='ltr'><strong>aliquem</strong></span> <span class='ocrx_word' id='word_1_33' title='bbox 877 378 1042 417; x_wconf 84' lang='grc'>(11100111·</span> <span class='ocrx_word' id='word_1_34' title='bbox 1074 391 1164 418; x_wconf 89' lang='grc'>011111</span> <span class='ocrx_word' id='word_1_35' title='bbox 1195 378 1314 429; x_wconf 88' lang='lat' dir='ltr'>Liga-</span> 
     </span>
     <span class='ocr_line' id='line_1_6' title="bbox 185 431 1311 484; baseline 0.002 -16"><span class='ocrx_word' id='word_1_36' title='bbox 185 431 280 478; x_wconf 87' lang='lat' dir='ltr'>rius,</span> <span class='ocrx_word' id='word_1_37' title='bbox 313 431 475 469; x_wconf 87' lang='lat' dir='ltr'>domum</span> <span class='ocrx_word' id='word_1_38' title='bbox 505 440 690 484; x_wconf 86' lang='lat' dir='ltr'>spectans,</span> <span class='ocrx_word' id='word_1_39' title='bbox 722 442 759 471; x_wconf 92' lang='lat' dir='ltr'>et</span> <span class='ocrx_word' id='word_1_40' title='bbox 789 432 839 470; x_wconf 85' lang='lat' dir='ltr'>ad</span> <span class='ocrx_word' id='word_1_41' title='bbox 868 445 955 471; x_wconf 92' lang='lat' dir='ltr'>suos</span> <span class='ocrx_word' id='word_1_42' title='bbox 984 432 1106 470; x_wconf 87' lang='lat' dir='ltr'>redire</span> <span class='ocrx_word' id='word_1_43' title='bbox 1138 432 1311 483; x_wconf 88' lang='lat' dir='ltr'>cupiens,</span> 
     </span>
     <span class='ocr_line' id='line_1_7' title="bbox 185 485 1312 538; baseline 0 -15"><span class='ocrx_word' id='word_1_44' title='bbox 185 485 294 524; x_wconf 85' lang='lat' dir='ltr'>nullo</span> <span class='ocrx_word' id='word_1_45' title='bbox 313 499 352 523; x_wconf 91' lang='lat' dir='ltr'>se</span> <span class='ocrx_word' id='word_1_46' title='bbox 369 486 557 537; x_wconf 83' lang='lat' dir='ltr'>implicari</span> <span class='ocrx_word' id='word_1_47' title='bbox 575 487 726 537; x_wconf 83' lang='lat' dir='ltr'>negotio</span> <span class='ocrx_word' id='word_1_48' title='bbox 745 499 878 538; x_wconf 86' lang='lat' dir='ltr'>passus</span> <span class='ocrx_word' id='word_1_49' title='bbox 898 492 965 524; x_wconf 77' lang='lat' dir='ltr'>est.</span> <span class='ocrx_word' id='word_1_50' title='bbox 999 486 1162 524; x_wconf 87' lang='lat' dir='ltr'>Interim</span> <span class='ocrx_word' id='word_1_51' title='bbox 1182 486 1312 524; x_wconf 89' lang='lat' dir='ltr'>P.At-</span> 
     </span>
     <span class='ocr_line' id='line_1_8' title="bbox 185 539 1311 591; baseline 0.001 -15"><span class='ocrx_word' id='word_1_52' title='bbox 185 539 262 577; x_wconf 87' lang='lat' dir='ltr'>tius</span> <span class='ocrx_word' id='word_1_53' title='bbox 281 540 423 587; x_wconf 83' lang='lat' dir='ltr'>Varus,</span> <span class='ocrx_word' id='word_1_54' title='bbox 452 540 520 591; x_wconf 90' lang='lat' dir='ltr'>qui</span> <span class='ocrx_word' id='word_1_55' title='bbox 544 549 684 591; x_wconf 85' lang='lat' dir='ltr'>praetor</span> <span class='ocrx_word' id='word_1_56' title='bbox 701 541 878 578; x_wconf 83' lang='lat' dir='ltr'>Africam</span> <span class='ocrx_word' id='word_1_57' title='bbox 904 539 1134 586; x_wconf 69' lang='lat' dir='ltr'>obtinuerat,</span> <span class='ocrx_word' id='word_1_58' title='bbox 1155 540 1311 579; x_wconf 86' lang='lat' dir='ltr'><strong>Uticam</strong></span> 
     </span>
     <span class='ocr_line' id='line_1_9' title="bbox 183 593 1311 645; baseline 0.002 -15"><span class='ocrx_word' id='word_1_59' title='bbox 183 593 286 630; x_wconf 90' lang='lat' dir='ltr'>venit</span> <span class='ocrx_word' id='word_1_60' title='bbox 302 608 311 631; x_wconf 93' lang='lat'><strong>:</strong></span> <span class='ocrx_word' id='word_1_61' title='bbox 343 593 391 631; x_wconf 86' lang='lat' dir='ltr'>ad</span> <span class='ocrx_word' id='word_1_62' title='bbox 412 607 501 632; x_wconf 87' lang='lat' dir='ltr'>eum</span> <span class='ocrx_word' id='word_1_63' title='bbox 521 595 649 632; x_wconf 80' lang='lat' dir='ltr'>statim</span> <span class='ocrx_word' id='word_1_64' title='bbox 670 606 896 633; x_wconf 88' lang='lat' dir='ltr'>concursum</span> <span class='ocrx_word' id='word_1_65' title='bbox 915 601 984 631; x_wconf 89' lang='lat' dir='ltr'>est.</span> <span class='ocrx_word' id='word_1_66' title='bbox 1007 595 1143 645; x_wconf 89' lang='lat' dir='ltr'><strong>Atque</strong></span> <span class='ocrx_word' id='word_1_67' title='bbox 1156 593 1223 632; x_wconf 87' lang='lat' dir='ltr'>ille</span> <span class='ocrx_word' id='word_1_68' title='bbox 1234 606 1311 632; x_wconf 91' lang='lat' dir='ltr'>non</span> 
     </span>
     <span class='ocr_line' id='line_1_10' title="bbox 182 647 1311 699; baseline 0.003 -16"><span class='ocrx_word' id='word_1_69' title='bbox 182 647 363 685; x_wconf 87' lang='lat' dir='ltr'>mediocri</span> <span class='ocrx_word' id='word_1_70' title='bbox 382 648 589 699; x_wconf 90' lang='lat' dir='ltr'>cupiditate</span> <span class='ocrx_word' id='word_1_71' title='bbox 608 648 768 699; x_wconf 84' lang='lat' dir='ltr'>arripuit</span> <span class='ocrx_word' id='word_1_72' title='bbox 786 648 1009 699; x_wconf 90' lang='lat' dir='ltr'>imperium,</span> <span class='ocrx_word' id='word_1_73' title='bbox 1030 648 1061 686; x_wconf 91' lang='lat' dir='ltr'>si</span> <span class='ocrx_word' id='word_1_74' title='bbox 1075 648 1174 686; x_wconf 90' lang='lat' dir='ltr'>illud</span> <span class='ocrx_word' id='word_1_75' title='bbox 1186 648 1311 699; x_wconf 89' lang='lat' dir='ltr'>impe-</span> 
     </span>
     <span class='ocr_line' id='line_1_11' title="bbox 179 700 1313 754; baseline 0.002 -16"><span class='ocrx_word' id='word_1_76' title='bbox 179 700 283 739; x_wconf 91' lang='lat' dir='ltr'>rium</span> <span class='ocrx_word' id='word_1_77' title='bbox 307 714 386 740; x_wconf 82' lang='lat' dir='ltr'>esse</span> <span class='ocrx_word' id='word_1_78' title='bbox 410 702 548 753; x_wconf 78' lang='lat' dir='ltr'>potuit,</span> <span class='ocrx_word' id='word_1_79' title='bbox 570 703 674 754; x_wconf 92' lang='lat' dir='ltr'>quod</span> <span class='ocrx_word' id='word_1_80' title='bbox 702 702 752 740; x_wconf 89' lang='lat' dir='ltr'>ad</span> <span class='ocrx_word' id='word_1_81' title='bbox 778 702 987 753; x_wconf 81' lang='lat' dir='ltr'>privatum,</span> <span class='ocrx_word' id='word_1_82' title='bbox 1015 702 1182 741; x_wconf 89' lang='lat' dir='ltr'>clamore</span> <span class='ocrx_word' id='word_1_83' title='bbox 1206 702 1313 740; x_wconf 63' lang='lat' dir='ltr'>mul÷</span> 
     </span>
     <span class='ocr_line' id='line_1_12' title="bbox 180 755 1365 808; baseline 0.002 -16"><span class='ocrx_word' id='word_1_84' title='bbox 180 755 355 794; x_wconf 82' lang='lat' dir='ltr'>titudinis</span> <span class='ocrx_word' id='word_1_85' title='bbox 378 756 577 807; x_wconf 83' lang='lat' dir='ltr'>imperitae,</span> <span class='ocrx_word' id='word_1_86' title='bbox 604 757 713 794; x_wconf 88' lang='lat' dir='ltr'>nullo</span> <span class='ocrx_word' id='word_1_87' title='bbox 737 757 893 808; x_wconf 88' lang='lat' dir='ltr'>publico</span> <span class='ocrx_word' id='word_1_88' title='bbox 918 756 1090 804; x_wconf 88' lang='lat' dir='ltr'>consilio,</span> <span class='ocrx_word' id='word_1_89' title='bbox 1117 755 1313 794; x_wconf 85' lang='lat' dir='ltr'>defereba-</span> <span class='ocrx_word' id='word_1_90' title='bbox 1362 792 1365 793; x_wconf 14' lang='grc' dir='ltr'><em>γ</em></span> 
     </span>
     <span class='ocr_line' id='line_1_13' title="bbox 182 809 1312 862; baseline 0.003 -16"><span class='ocrx_word' id='word_1_91' title='bbox 182 816 257 847; x_wconf 88' lang='lat' dir='ltr'>tur.</span> <span class='ocrx_word' id='word_1_92' title='bbox 287 810 425 861; x_wconf 79' lang='lat' dir='ltr'>Itaque</span> <span class='ocrx_word' id='word_1_93' title='bbox 441 810 634 861; x_wconf 87' lang='lat' dir='ltr'>Ligarius,</span> <span class='ocrx_word' id='word_1_94' title='bbox 649 810 716 862; x_wconf 91' lang='lat' dir='ltr'>qui</span> <span class='ocrx_word' id='word_1_95' title='bbox 727 823 842 849; x_wconf 85' lang='grc'>0111110</span> <span class='ocrx_word' id='word_1_96' title='bbox 856 810 932 848; x_wconf 85' lang='lat' dir='ltr'>tale</span> <span class='ocrx_word' id='word_1_97' title='bbox 943 809 1140 861; x_wconf 87' lang='lat' dir='ltr'>negotium</span> <span class='ocrx_word' id='word_1_98' title='bbox 1157 816 1312 862; x_wconf 86' lang='lat' dir='ltr'>cuperet</span> 
     </span>
     <span class='ocr_line' id='line_1_14' title="bbox 181 863 1096 916; baseline 0.002 -16"><span class='ocrx_word' id='word_1_99' title='bbox 181 863 362 914; x_wconf 86' lang='lat' dir='ltr'>effugere,</span> <span class='ocrx_word' id='word_1_100' title='bbox 384 865 547 915; x_wconf 84' lang='lat' dir='ltr'>paulum</span> <span class='ocrx_word' id='word_1_101' title='bbox 562 865 730 903; x_wconf 83' lang='lat' dir='ltr'>adventu</span> <span class='ocrx_word' id='word_1_102' title='bbox 749 865 847 903; x_wconf 91' lang='lat' dir='ltr'>Vari</span> <span class='ocrx_word' id='word_1_103' title='bbox 865 864 1096 916; x_wconf 87' lang='lat' dir='ltr'>conquievit.</span> 
     </span>
    </p>

    <p class='ocr_par' dir='ltr' id='par_1_3' title="bbox 177 916 1311 1186">
     <span class='ocr_line' id='line_1_15' title="bbox 235 916 1311 970; baseline 0 -14"><span class='ocrx_word' id='word_1_104' title='bbox 235 918 297 956; x_wconf 92' lang='grc' dir='ltr'>ΙΙ.</span> <span class='ocrx_word' id='word_1_105' title='bbox 327 918 486 965; x_wconf 82' lang='lat' dir='ltr'>Adhuc,</span> <span class='ocrx_word' id='word_1_106' title='bbox 515 918 585 957; x_wconf 88' lang='lat' dir='ltr'>Cai</span> <span class='ocrx_word' id='word_1_107' title='bbox 605 919 746 966; x_wconf 87' lang='lat' dir='ltr'>Caesar,</span> <span class='ocrx_word' id='word_1_108' title='bbox 772 918 824 967; x_wconf 88' lang='lat' dir='ltr'>Q.</span> <span class='ocrx_word' id='word_1_109' title='bbox 853 918 1035 969; x_wconf 87' lang='lat' dir='ltr'>Ligarius</span> <span class='ocrx_word' id='word_1_110' title='bbox 1057 917 1164 957; x_wconf 88' lang='lat' dir='ltr'>omni</span> <span class='ocrx_word' id='word_1_111' title='bbox 1195 916 1311 970; x_wconf 60' lang='lat' dir='ltr'>culpa</span> 
     </span>
     <span class='ocr_line' id='line_1_16' title="bbox 181 971 1311 1024; baseline 0.001 -15"><span class='ocrx_word' id='word_1_112' title='bbox 181 979 300 1010; x_wconf 82' lang='lat' dir='ltr'>vacat.</span> <span class='ocrx_word' id='word_1_113' title='bbox 331 971 461 1010; x_wconf 92' lang='lat' dir='ltr'>Domo</span> <span class='ocrx_word' id='word_1_114' title='bbox 477 980 531 1010; x_wconf 88' lang='lat' dir='ltr'>est</span> <span class='ocrx_word' id='word_1_115' title='bbox 550 986 734 1024; x_wconf 87' lang='lat' dir='ltr'>egressus,</span> <span class='ocrx_word' id='word_1_116' title='bbox 755 985 832 1010; x_wconf 92' lang='lat' dir='ltr'>non</span> <span class='ocrx_word' id='word_1_117' title='bbox 851 973 966 1011; x_wconf 91' lang='lat' dir='ltr'>modo</span> <span class='ocrx_word' id='word_1_118' title='bbox 985 972 1140 1010; x_wconf 91' lang='lat' dir='ltr'>nullum</span> <span class='ocrx_word' id='word_1_119' title='bbox 1161 972 1210 1010; x_wconf 84' lang='lat' dir='ltr'>ad</span> <span class='ocrx_word' id='word_1_120' title='bbox 1229 972 1311 1010; x_wconf 91' lang='lat' dir='ltr'>bel-</span> 
     </span>
     <span class='ocr_line' id='line_1_17' title="bbox 178 1025 1306 1088; baseline 0 -25"><span class='ocrx_word' id='word_1_121' title='bbox 178 1025 277 1073; x_wconf 90' lang='lat' dir='ltr'>lum,</span> <span class='ocrx_word' id='word_1_122' title='bbox 299 1025 364 1064; x_wconf 91' lang='lat' dir='ltr'>sed</span> <span class='ocrx_word' id='word_1_123' title='bbox 383 1038 431 1064; x_wconf 90' lang='lat' dir='ltr'>ne</span> <span class='ocrx_word' id='word_1_124' title='bbox 450 1026 499 1064; x_wconf 86' lang='lat' dir='ltr'>ad</span> <span class='ocrx_word' id='word_1_125' title='bbox 517 1026 720 1065; x_wconf 87' lang='lat' dir='ltr'>minimam</span> <span class='ocrx_word' id='word_1_126' title='bbox 737 1026 896 1088; x_wconf 79' lang='lat' dir='ltr'>quidem</span> <span class='ocrx_word' id='word_1_127' title='bbox 917 1026 1173 1078; x_wconf 87' lang='lat' dir='ltr'>suspicionem</span> <span class='ocrx_word' id='word_1_128' title='bbox 1192 1025 1306 1064; x_wconf 84' lang='lat' dir='ltr'>belli:</span> 
     </span>
     <span class='ocr_line' id='line_1_18' title="bbox 177 1079 1309 1141; baseline 0.001 -25"><span class='ocrx_word' id='word_1_129' title='bbox 177 1080 354 1130; x_wconf 89' lang='lat' dir='ltr'>legatus&#39;</span> <span class='ocrx_word' id='word_1_130' title='bbox 345 1093 384 1117; x_wconf 91' lang='lat' dir='ltr'>m</span> <span class='ocrx_word' id='word_1_131' title='bbox 400 1093 492 1141; x_wconf 79' lang='lat' dir='ltr'>pace</span> <span class='ocrx_word' id='word_1_132' title='bbox 510 1080 744 1131; x_wconf 83' lang='lat' dir='ltr'>profectus,</span> <span class='ocrx_word' id='word_1_133' title='bbox 734 1093 774 1118; x_wconf 87' lang='lat' dir='ltr'>m</span> <span class='ocrx_word' id='word_1_134' title='bbox 789 1080 986 1132; x_wconf 86' lang='lat' dir='ltr'>provincia</span> <span class='ocrx_word' id='word_1_135' title='bbox 999 1079 1243 1132; x_wconf 84' lang='lat' dir='ltr'>pacatissima</span> <span class='ocrx_word' id='word_1_136' title='bbox 1254 1079 1309 1118; x_wconf 82' lang='lat' dir='ltr'>ita</span> 
     </span>
     <span class='ocr_line' id='line_1_19' title="bbox 177 1134 1308 1186; baseline 0.001 -15"><span class='ocrx_word' id='word_1_137' title='bbox 177 1146 217 1171; x_wconf 92' lang='lat' dir='ltr'>se</span> <span class='ocrx_word' id='word_1_138' title='bbox 236 1134 365 1184; x_wconf 79' lang='lat' dir='ltr'>gessit,</span> <span class='ocrx_word' id='word_1_139' title='bbox 385 1142 430 1171; x_wconf 89' lang='lat' dir='ltr'>ut</span> <span class='ocrx_word' id='word_1_140' title='bbox 449 1134 483 1172; x_wconf 91' lang='lat' dir='ltr'>ei</span> <span class='ocrx_word' id='word_1_141' title='bbox 501 1148 635 1186; x_wconf 88' lang='lat' dir='ltr'>pacem</span> <span class='ocrx_word' id='word_1_142' title='bbox 654 1148 733 1173; x_wconf 84' lang='lat' dir='ltr'>esse</span> <span class='ocrx_word' id='word_1_143' title='bbox 752 1134 958 1185; x_wconf 83' lang='lat' dir='ltr'>expediret.</span> <span class='ocrx_word' id='word_1_144' title='bbox 990 1134 1182 1172; x_wconf 84' lang='lat' dir='ltr'>Profectio</span> <span class='ocrx_word' id='word_1_145' title='bbox 1208 1140 1308 1172; x_wconf 86' lang='lat' dir='ltr'>certe</span> 
     </span>
    </p>
   </div>
   <div class='ocr_carea' id='block_1_3' title="bbox 166 1187 1358 2268">
    <p class='ocr_par' dir='ltr' id='par_1_4' title="bbox 170 1187 1358 1991">
     <span class='ocr_line' id='line_1_20' title="bbox 177 1187 1309 1239; baseline 0.002 -15"><span class='ocrx_word' id='word_1_146' title='bbox 177 1187 353 1226; x_wconf 86' lang='lat' dir='ltr'>animum</span> <span class='ocrx_word' id='word_1_147' title='bbox 380 1195 493 1226; x_wconf 89' lang='lat' dir='ltr'>tuum</span> <span class='ocrx_word' id='word_1_148' title='bbox 523 1201 599 1227; x_wconf 90' lang='lat' dir='ltr'>non</span> <span class='ocrx_word' id='word_1_149' title='bbox 619 1188 731 1227; x_wconf 80' lang='lat' dir='ltr'>debet</span> <span class='ocrx_word' id='word_1_150' title='bbox 750 1188 951 1226; x_wconf 86' lang='lat' dir='ltr'>offendere.</span> <span class='ocrx_word' id='word_1_151' title='bbox 982 1188 1095 1226; x_wconf 92' lang='lat' dir='ltr'>Num</span> <span class='ocrx_word' id='word_1_152' title='bbox 1112 1187 1232 1239; x_wconf 82' lang='lat' dir='ltr'>igitur</span> <span class='ocrx_word' id='word_1_153' title='bbox 1249 1201 1309 1226; x_wconf 90' lang='lat' dir='ltr'>re-</span> 
     </span>
     <span class='ocr_line' id='line_1_21' title="bbox 176 1241 1307 1293; baseline 0.002 -15"><span class='ocrx_word' id='word_1_154' title='bbox 176 1241 356 1280; x_wconf 84' lang='lat' dir='ltr'>mansio?</span> <span class='ocrx_word' id='word_1_155' title='bbox 397 1241 531 1280; x_wconf 76' lang='lat' dir='ltr'>Multo</span> <span class='ocrx_word' id='word_1_156' title='bbox 556 1243 714 1281; x_wconf 87' lang='lat' dir='ltr'>minus:</span> <span class='ocrx_word' id='word_1_157' title='bbox 745 1254 838 1280; x_wconf 89' lang='lat' dir='ltr'>nam</span> <span class='ocrx_word' id='word_1_158' title='bbox 862 1241 1045 1293; x_wconf 85' lang='lat' dir='ltr'>profectio</span> <span class='ocrx_word' id='word_1_159' title='bbox 1067 1242 1307 1280; x_wconf 79' lang='lat' dir='ltr'>voluntatem</span> 
     </span>
     <span class='ocr_line' id='line_1_22' title="bbox 176 1295 1307 1347; baseline 0.001 -14"><span class='ocrx_word' id='word_1_160' title='bbox 176 1295 312 1333; x_wconf 88' lang='lat' dir='ltr'>habuit</span> <span class='ocrx_word' id='word_1_161' title='bbox 330 1308 406 1334; x_wconf 90' lang='lat' dir='ltr'>non</span> <span class='ocrx_word' id='word_1_162' title='bbox 428 1303 594 1347; x_wconf 85' lang='lat' dir='ltr'>turpem,</span> <span class='ocrx_word' id='word_1_163' title='bbox 615 1296 803 1335; x_wconf 89' lang='lat' dir='ltr'>remansio</span> <span class='ocrx_word' id='word_1_164' title='bbox 823 1296 938 1334; x_wconf 85' lang='lat' dir='ltr'>etiam</span> <span class='ocrx_word' id='word_1_165' title='bbox 957 1296 1218 1335; x_wconf 86' lang='lat' dir='ltr'>necessitatem</span> <span class='ocrx_word' id='word_1_166' title='bbox 1236 1295 1307 1334; x_wconf 90' lang='lat' dir='ltr'>ho-</span> 
     </span>
     <span class='ocr_line' id='line_1_23' title="bbox 175 1349 1303 1402; baseline 0 -15"><span class='ocrx_word' id='word_1_167' title='bbox 175 1356 336 1387; x_wconf 87' lang='lat' dir='ltr'>nestam.</span> <span class='ocrx_word' id='word_1_168' title='bbox 358 1349 463 1401; x_wconf 89' lang='lat' dir='ltr'>Ergo</span> <span class='ocrx_word' id='word_1_169' title='bbox 474 1350 556 1389; x_wconf 88' lang='lat' dir='ltr'>haec</span> <span class='ocrx_word' id='word_1_170' title='bbox 564 1350 641 1388; x_wconf 91' lang='lat' dir='ltr'>duo</span> <span class='ocrx_word' id='word_1_171' title='bbox 649 1358 823 1402; x_wconf 90' lang='lat' dir='ltr'>tempora</span> <span class='ocrx_word' id='word_1_172' title='bbox 831 1357 960 1389; x_wconf 85' lang='lat' dir='ltr'>carent</span> <span class='ocrx_word' id='word_1_173' title='bbox 967 1350 1127 1389; x_wconf 87' lang='lat' dir='ltr'>crimine</span> <span class='ocrx_word' id='word_1_174' title='bbox 1137 1363 1149 1395; x_wconf 78' lang='lat'><em>3</em></span> <span class='ocrx_word' id='word_1_175' title='bbox 1163 1362 1303 1397; x_wconf 71' lang='lat' dir='ltr'>unum,</span> 
     </span>
     <span class='ocr_line' id='line_1_24' title="bbox 175 1403 1305 1456; baseline 0.001 -15"><span class='ocrx_word' id='word_1_176' title='bbox 175 1416 265 1441; x_wconf 91' lang='lat' dir='ltr'>cum</span> <span class='ocrx_word' id='word_1_177' title='bbox 285 1412 341 1442; x_wconf 91' lang='lat' dir='ltr'>est</span> <span class='ocrx_word' id='word_1_178' title='bbox 357 1404 505 1455; x_wconf 88' lang='lat' dir='ltr'>legatus</span> <span class='ocrx_word' id='word_1_179' title='bbox 520 1404 710 1456; x_wconf 89' lang='lat' dir='ltr'>profectus</span> <span class='ocrx_word' id='word_1_180' title='bbox 726 1419 737 1450; x_wconf 79' lang='grc' dir='ltr'><strong>ς</strong></span> <span class='ocrx_word' id='word_1_181' title='bbox 759 1404 939 1452; x_wconf 89' lang='lat' dir='ltr'>alterum,</span> <span class='ocrx_word' id='word_1_182' title='bbox 953 1417 1057 1452; x_wconf 90' lang='grc'>011111,</span> <span class='ocrx_word' id='word_1_183' title='bbox 1075 1403 1305 1455; x_wconf 81' lang='lat' dir='ltr'>efflagitatus</span> 
     </span>
     <span class='ocr_line' id='line_1_25' title="bbox 175 1457 1358 1510; baseline 0.001 -15"><span class='ocrx_word' id='word_1_184' title='bbox 175 1470 199 1495; x_wconf 88' lang='lat' dir='ltr'>a</span> <span class='ocrx_word' id='word_1_185' title='bbox 217 1457 425 1509; x_wconf 64' lang='lat' dir='ltr'>provincia,</span> <span class='ocrx_word' id='word_1_186' title='bbox 440 1459 666 1510; x_wconf 82' lang='lat' dir='ltr'>praepositus</span> <span class='ocrx_word' id='word_1_187' title='bbox 677 1459 822 1497; x_wconf 84' lang='lat' dir='ltr'>Africae</span> <span class='ocrx_word' id='word_1_188' title='bbox 834 1466 901 1496; x_wconf 86' lang='lat' dir='ltr'>est.</span> <span class='ocrx_word' id='word_1_189' title='bbox 931 1458 1111 1498; x_wconf 82' lang='lat' dir='ltr'>Tertium</span> <span class='ocrx_word' id='word_1_190' title='bbox 1131 1465 1187 1496; x_wconf 65' lang='lat' dir='ltr'>est</span> <span class='ocrx_word' id='word_1_191' title='bbox 1205 1466 1305 1496; x_wconf 84' lang='lat' dir='ltr'>tem·</span> <span class='ocrx_word' id='word_1_192' title='bbox 1347 1476 1358 1484; x_wconf 85' lang='lat'><strong>·</strong></span> 
     </span>
     <span class='ocr_line' id='line_1_26' title="bbox 173 1512 1301 1564; baseline 0.001 -15"><span class='ocrx_word' id='word_1_193' title='bbox 173 1525 261 1563; x_wconf 91' lang='lat' dir='ltr'>pus,</span> <span class='ocrx_word' id='word_1_194' title='bbox 293 1525 386 1563; x_wconf 92' lang='lat' dir='ltr'>quo,</span> <span class='ocrx_word' id='word_1_195' title='bbox 417 1520 502 1564; x_wconf 90' lang='lat' dir='ltr'>post</span> <span class='ocrx_word' id='word_1_196' title='bbox 533 1513 743 1551; x_wconf 86' lang='lat' dir='ltr'>adventum</span> <span class='ocrx_word' id='word_1_197' title='bbox 763 1512 874 1560; x_wconf 70' lang='lat' dir='ltr'>Vari,</span> <span class='ocrx_word' id='word_1_198' title='bbox 902 1512 944 1550; x_wconf 91' lang='lat' dir='ltr'>in</span> <span class='ocrx_word' id='word_1_199' title='bbox 969 1512 1107 1550; x_wconf 68' lang='lat' dir='ltr'>Africa</span> <span class='ocrx_word' id='word_1_200' title='bbox 1135 1512 1301 1559; x_wconf 82' lang='lat' dir='ltr'>restitit3</span> 
     </span>
     <span class='ocr_line' id='line_1_27' title="bbox 175 1565 1302 1617; baseline 0.001 -15"><span class='ocrx_word' id='word_1_201' title='bbox 175 1565 279 1617; x_wconf 91' lang='lat' dir='ltr'>quod</span> <span class='ocrx_word' id='word_1_202' title='bbox 299 1566 329 1604; x_wconf 88' lang='grc'>51</span> <span class='ocrx_word' id='word_1_203' title='bbox 349 1574 405 1604; x_wconf 87' lang='lat' dir='ltr'>est</span> <span class='ocrx_word' id='word_1_204' title='bbox 430 1567 694 1614; x_wconf 84' lang='lat' dir='ltr'>criminosum,</span> <span class='ocrx_word' id='word_1_205' title='bbox 722 1566 955 1605; x_wconf 88' lang='lat' dir='ltr'>necessitatis</span> <span class='ocrx_word' id='word_1_206' title='bbox 974 1566 1117 1605; x_wconf 89' lang='lat' dir='ltr'>crimen</span> <span class='ocrx_word' id='word_1_207' title='bbox 1137 1573 1207 1614; x_wconf 87' lang='lat' dir='ltr'>est,</span> <span class='ocrx_word' id='word_1_208' title='bbox 1223 1577 1302 1604; x_wconf 89' lang='lat' dir='ltr'>non</span> 
     </span>
     <span class='ocr_line' id='line_1_28' title="bbox 174 1619 1302 1673; baseline 0.001 -16"><span class='ocrx_word' id='word_1_209' title='bbox 174 1620 391 1658; x_wconf 76' lang='lat' dir='ltr'>voluntatis.</span> <span class='ocrx_word' id='word_1_210' title='bbox 420 1624 490 1658; x_wconf 91' lang='lat' dir='ltr'>An</span> <span class='ocrx_word' id='word_1_211' title='bbox 509 1621 588 1669; x_wconf 82' lang='lat' dir='ltr'>ille,</span> <span class='ocrx_word' id='word_1_212' title='bbox 610 1621 641 1660; x_wconf 90' lang='grc'>51</span> <span class='ocrx_word' id='word_1_213' title='bbox 659 1621 843 1673; x_wconf 87' lang='lat' dir='ltr'>potuisset</span> <span class='ocrx_word' id='word_1_214' title='bbox 857 1621 964 1659; x_wconf 87' lang='lat' dir='ltr'>illinc</span> <span class='ocrx_word' id='word_1_215' title='bbox 978 1621 1059 1663; x_wconf 88' lang='lat' dir='ltr'>ullo</span> <span class='ocrx_word' id='word_1_216' title='bbox 1077 1619 1194 1658; x_wconf 88' lang='lat' dir='ltr'>modo</span> <span class='ocrx_word' id='word_1_217' title='bbox 1213 1633 1302 1658; x_wconf 88' lang='lat' dir='ltr'>eva-</span> 
     </span>
     <span class='ocr_line' id='line_1_29' title="bbox 174 1673 1299 1727; baseline 0.002 -17"><span class='ocrx_word' id='word_1_218' title='bbox 174 1673 277 1722; x_wconf 83' lang='lat' dir='ltr'>dere,</span> <span class='ocrx_word' id='word_1_219' title='bbox 310 1674 435 1712; x_wconf 86' lang='lat' dir='ltr'>Uticae</span> <span class='ocrx_word' id='word_1_220' title='bbox 463 1675 605 1726; x_wconf 86' lang='lat' dir='ltr'>potius,</span> <span class='ocrx_word' id='word_1_221' title='bbox 640 1688 758 1727; x_wconf 91' lang='lat' dir='ltr'>quam</span> <span class='ocrx_word' id='word_1_222' title='bbox 789 1675 941 1724; x_wconf 88' lang='lat' dir='ltr'>Romae,</span> <span class='ocrx_word' id='word_1_223' title='bbox 975 1687 1066 1713; x_wconf 91' lang='lat' dir='ltr'>cum</span> <span class='ocrx_word' id='word_1_224' title='bbox 1096 1675 1144 1712; x_wconf 90' lang='lat' dir='ltr'>P.</span> <span class='ocrx_word' id='word_1_225' title='bbox 1170 1674 1299 1723; x_wconf 81' lang='lat' dir='ltr'>Attio,</span> 
     </span>
     <span class='ocr_line' id='line_1_30' title="bbox 172 1727 1297 1779; baseline 0.003 -15"><span class='ocrx_word' id='word_1_226' title='bbox 172 1740 293 1779; x_wconf 92' lang='lat' dir='ltr'>quam</span> <span class='ocrx_word' id='word_1_227' title='bbox 312 1741 401 1766; x_wconf 90' lang='lat' dir='ltr'>cum</span> <span class='ocrx_word' id='word_1_228' title='bbox 420 1729 723 1767; x_wconf 85' lang='lat' dir='ltr'>concordissimis</span> <span class='ocrx_word' id='word_1_229' title='bbox 733 1729 928 1776; x_wconf 87' lang='lat' dir='ltr'>fratribus,</span> <span class='ocrx_word' id='word_1_230' title='bbox 942 1741 1032 1768; x_wconf 89' lang='lat' dir='ltr'>cum</span> <span class='ocrx_word' id='word_1_231' title='bbox 1051 1727 1182 1767; x_wconf 90' lang='lat' dir='ltr'>alienis</span> <span class='ocrx_word' id='word_1_232' title='bbox 1202 1741 1297 1776; x_wconf 57' lang='grc'>01150,</span> 
     </span>
     <span class='ocr_line' id='line_1_31' title="bbox 171 1782 1298 1834; baseline 0.001 -15"><span class='ocrx_word' id='word_1_233' title='bbox 171 1794 291 1833; x_wconf 84' lang='grc'>(1113111</span> <span class='ocrx_word' id='word_1_234' title='bbox 311 1794 400 1820; x_wconf 89' lang='grc'>011111</span> <span class='ocrx_word' id='word_1_235' title='bbox 420 1783 513 1829; x_wconf 87' lang='grc'>51115,</span> <span class='ocrx_word' id='word_1_236' title='bbox 534 1783 732 1822; x_wconf 88' lang='lat' dir='ltr'>maluisset</span> <span class='ocrx_word' id='word_1_237' title='bbox 748 1786 766 1822; x_wconf 84' lang='lat'>?</span> <span class='ocrx_word' id='word_1_238' title='bbox 795 1783 899 1821; x_wconf 89' lang='lat' dir='ltr'>Cum</span> <span class='ocrx_word' id='word_1_239' title='bbox 923 1783 1007 1834; x_wconf 88' lang='lat' dir='ltr'>ipsa</span> <span class='ocrx_word' id='word_1_240' title='bbox 1024 1782 1165 1834; x_wconf 85' lang='lat' dir='ltr'>legatio</span> <span class='ocrx_word' id='word_1_241' title='bbox 1183 1783 1298 1834; x_wconf 90' lang='lat' dir='ltr'>plena</span> 
     </span>
     <span class='ocr_line' id='line_1_32' title="bbox 171 1835 1296 1889; baseline 0.001 -16"><span class='ocrx_word' id='word_1_242' title='bbox 171 1835 347 1874; x_wconf 88' lang='lat' dir='ltr'>desiderii</span> <span class='ocrx_word' id='word_1_243' title='bbox 365 1849 410 1874; x_wconf 94' lang='grc'>30</span> <span class='ocrx_word' id='word_1_244' title='bbox 424 1836 686 1875; x_wconf 80' lang='lat' dir='ltr'>sollicitudinis</span> <span class='ocrx_word' id='word_1_245' title='bbox 699 1837 845 1886; x_wconf 84' lang='lat' dir='ltr'>fuisset,</span> <span class='ocrx_word' id='word_1_246' title='bbox 861 1844 1015 1889; x_wconf 87' lang='lat' dir='ltr'>propter</span> <span class='ocrx_word' id='word_1_247' title='bbox 1034 1836 1296 1875; x_wconf 84' lang='lat' dir='ltr'>incredibilem</span> 
     </span>
     <span class='ocr_line' id='line_1_33' title="bbox 171 1889 1297 1943; baseline 0.002 -16"><span class='ocrx_word' id='word_1_248' title='bbox 171 1889 380 1941; x_wconf 89' lang='lat' dir='ltr'>quemdam</span> <span class='ocrx_word' id='word_1_249' title='bbox 400 1890 563 1929; x_wconf 84' lang='lat' dir='ltr'>fratrum</span> <span class='ocrx_word' id='word_1_250' title='bbox 582 1904 766 1939; x_wconf 88' lang='lat' dir='ltr'>amorem,</span> <span class='ocrx_word' id='word_1_251' title='bbox 786 1892 850 1930; x_wconf 89' lang='lat' dir='ltr'>hic</span> <span class='ocrx_word' id='word_1_252' title='bbox 864 1904 974 1943; x_wconf 85' lang='lat' dir='ltr'>aequo</span> <span class='ocrx_word' id='word_1_253' title='bbox 986 1891 1116 1929; x_wconf 87' lang='lat' dir='ltr'>animo</span> <span class='ocrx_word' id='word_1_254' title='bbox 1135 1903 1214 1929; x_wconf 87' lang='lat' dir='ltr'>esse</span> <span class='ocrx_word' id='word_1_255' title='bbox 1226 1903 1297 1942; x_wconf 88' lang='lat' dir='ltr'>po-</span> 
     </span>
     <span class='ocr_line' id='line_1_34' title="bbox 170 1943 1040 1991; baseline 0.003 -10"><span class='ocrx_word' id='word_1_256' title='bbox 170 1943 259 1991; x_wconf 88' lang='lat' dir='ltr'>tuit,</span> <span class='ocrx_word' id='word_1_257' title='bbox 279 1944 374 1982; x_wconf 89' lang='lat' dir='ltr'>belli</span> <span class='ocrx_word' id='word_1_258' title='bbox 391 1944 548 1983; x_wconf 89' lang='lat' dir='ltr'>discidio</span> <span class='ocrx_word' id='word_1_259' title='bbox 566 1944 768 1984; x_wconf 84' lang='lat' dir='ltr'>distractus</span> <span class='ocrx_word' id='word_1_260' title='bbox 786 1959 810 1984; x_wconf 89' lang='grc'>3</span> <span class='ocrx_word' id='word_1_261' title='bbox 827 1945 1008 1984; x_wconf 86' lang='lat' dir='ltr'>fratribus</span> <span class='ocrx_word' id='word_1_262' title='bbox 1022 1947 1040 1984; x_wconf 66' lang='grc' dir='ltr'><strong><em>ἓ</em></strong></span> 
     </span>
    </p>

    <p class='ocr_par' dir='ltr' id='par_1_5' title="bbox 166 1997 1294 2268">
     <span class='ocr_line' id='line_1_35' title="bbox 225 1997 1294 2049; baseline 0.001 -13"><span class='ocrx_word' id='word_1_263' title='bbox 225 1998 395 2036; x_wconf 82' lang='grc' dir='ltr'>Ν111111111</span> <span class='ocrx_word' id='word_1_264' title='bbox 414 1999 532 2049; x_wconf 89' lang='lat' dir='ltr'>igitur</span> <span class='ocrx_word' id='word_1_265' title='bbox 548 1999 680 2047; x_wconf 87' lang='lat' dir='ltr'>habes,</span> <span class='ocrx_word' id='word_1_266' title='bbox 702 1999 844 2048; x_wconf 59' lang='lat' dir='ltr'>Caesar,</span> <span class='ocrx_word' id='word_1_267' title='bbox 865 1999 990 2038; x_wconf 89' lang='lat' dir='ltr'>adhuc</span> <span class='ocrx_word' id='word_1_268' title='bbox 1007 1999 1048 2037; x_wconf 91' lang='lat' dir='ltr'>in</span> <span class='ocrx_word' id='word_1_269' title='bbox 1063 1998 1115 2047; x_wconf 88' lang='lat' dir='ltr'>Q.</span> <span class='ocrx_word' id='word_1_270' title='bbox 1136 1997 1294 2049; x_wconf 87' lang='lat' dir='ltr'>Ligario</span> 
     </span>
     <span class='ocr_line' id='line_1_36' title="bbox 169 2052 1291 2105; baseline 0.001 -16"><span class='ocrx_word' id='word_1_271' title='bbox 169 2052 325 2103; x_wconf 89' lang='lat' dir='ltr'>signum</span> <span class='ocrx_word' id='word_1_272' title='bbox 350 2053 484 2091; x_wconf 86' lang='lat' dir='ltr'>alienae</span> <span class='ocrx_word' id='word_1_273' title='bbox 509 2066 532 2090; x_wconf 92' lang='lat' dir='ltr'>a</span> <span class='ocrx_word' id='word_1_274' title='bbox 556 2060 594 2091; x_wconf 90' lang='lat' dir='ltr'>te</span> <span class='ocrx_word' id='word_1_275' title='bbox 618 2054 852 2092; x_wconf 83' lang='lat' dir='ltr'>voluntatis:</span> <span class='ocrx_word' id='word_1_276' title='bbox 888 2054 998 2103; x_wconf 88' lang='lat' dir='ltr'>cujus</span> <span class='ocrx_word' id='word_1_277' title='bbox 1023 2066 1092 2105; x_wconf 88' lang='lat' dir='ltr'>ego</span> <span class='ocrx_word' id='word_1_278' title='bbox 1122 2064 1291 2100; x_wconf 88' lang='lat' dir='ltr'>causam,</span> 
     </span>
     <span class='ocr_line' id='line_1_37' title="bbox 166 2105 1293 2167; baseline 0.002 -24"><span class='ocrx_word' id='word_1_279' title='bbox 166 2105 439 2154; x_wconf 87' lang='lat' dir='ltr'>animadverte,</span> <span class='ocrx_word' id='word_1_280' title='bbox 459 2120 602 2158; x_wconf 86' lang='lat' dir='ltr'>quaeso,</span> <span class='ocrx_word' id='word_1_281' title='bbox 627 2121 705 2159; x_wconf 86' lang='lat' dir='ltr'>qua</span> <span class='ocrx_word' id='word_1_282' title='bbox 731 2107 805 2146; x_wconf 88' lang='lat' dir='ltr'>fide</span> <span class='ocrx_word' id='word_1_283' title='bbox 823 2107 1042 2156; x_wconf 87' lang='lat' dir='ltr'>defendam,</span> <span class='ocrx_word' id='word_1_284' title='bbox 1063 2119 1152 2146; x_wconf 90' lang='lat' dir='ltr'>cum</span> <span class='ocrx_word' id='word_1_285' title='bbox 1171 2105 1293 2167; x_wconf 81' lang='lat' dir='ltr'>prodo</span> 
     </span>
     <span class='ocr_line' id='line_1_38' title="bbox 167 2159 1293 2224; baseline 0 -26"><span class='ocrx_word' id='word_1_286' title='bbox 167 2171 307 2198; x_wconf 63' lang='lat' dir='ltr'>mmm.</span> <span class='ocrx_word' id='word_1_287' title='bbox 331 2160 371 2199; x_wconf 90' lang='grc' dir='ltr'><strong>Ο</strong></span> <span class='ocrx_word' id='word_1_288' title='bbox 387 2161 630 2200; x_wconf 87' lang='lat' dir='ltr'>clementiam</span> <span class='ocrx_word' id='word_1_289' title='bbox 648 2162 929 2224; x_wconf 79' lang='lat' dir='ltr'>admirabilem,</span> <span class='ocrx_word' id='word_1_290' title='bbox 949 2168 1066 2214; x_wconf 80' lang='lat' dir='ltr'>atque</span> <span class='ocrx_word' id='word_1_291' title='bbox 1083 2160 1190 2199; x_wconf 90' lang='lat' dir='ltr'>omni</span> <span class='ocrx_word' id='word_1_292' title='bbox 1207 2159 1293 2198; x_wconf 85' lang='lat' dir='ltr'>lau-</span> 
     </span>
     <span class='ocr_line' id='line_1_39' title="bbox 166 2212 1288 2268; baseline 0 -16"><span class='ocrx_word' id='word_1_293' title='bbox 166 2212 229 2264; x_wconf 85' lang='lat' dir='ltr'>de,</span> <span class='ocrx_word' id='word_1_294' title='bbox 242 2213 523 2266; x_wconf 82' lang='lat' dir='ltr'>praedicatione,</span> <span class='ocrx_word' id='word_1_295' title='bbox 535 2215 669 2266; x_wconf 83' lang='lat' dir='ltr'>literis,</span> <span class='ocrx_word' id='word_1_296' title='bbox 683 2215 1005 2268; x_wconf 78' lang='lat' dir='ltr'>munimentisque</span> <span class='ocrx_word' id='word_1_297' title='bbox 1015 2213 1288 2255; x_wconf 82' lang='lat' dir='ltr'>decorandam!</span> 
     </span>
    </p>
   </div>
   <div class='ocr_carea' id='block_1_4' title="bbox 1455 0 1509 2191">
    <p class='ocr_par' dir='ltr' id='par_1_6' title="bbox 1455 0 1509 2191">
     <span class='ocr_line' id='line_1_40' title="bbox 1455 0 1509 2191; baseline 0 0"><span class='ocrx_word' id='word_1_298' title='bbox 1455 0 1509 2191; x_wconf 95' lang='lat' dir='ltr'> </span> 
     </span>
    </p>
   </div>
  </div>
 </body>
</html>
