1509 2397
383 77 727 117 PHILIPPICA
753 78 787 116 Ι.
818 78 924 118 CAP.
956 79 1019 116 12.
1188 80 1267 119 193

143 187 337 239 deprecor,
357 195 407 225 ne
423 186 633 225 irascatur:
663 186 814 233 deinde,
835 187 868 225 si
896 186 970 226 hoc
988 199 1065 225 non
1083 187 1262 239 impetro,

139 249 244 293 peto,
263 250 309 279 ut
328 240 380 279 sic
410 241 608 289 irascatur,
635 248 680 279 ut
712 241 812 279 civi.
843 241 959 279 armis
982 250 1127 308 utatur,
1150 242 1180 280 si
1208 243 1264 280 ita

145 308 296 334 necesse
314 302 383 343 est,
406 298 466 338 (ut
485 295 592 343 dicit)
617 295 676 333 sui
698 295 926 334 defendendi
944 309 1084 333 causa.
1115 296 1174 343 iis,
1196 297 1265 348 qui

142 362 214 401 pro
231 362 272 388 re
292 325 462 401 publica,
495 364 582 401 quae
601 349 691 401 ipsis
721 350 800 387 visa
826 357 950 395 erunt,
984 350 1162 393 dixerint
1194 350 1266 388 ista

142 416 253 442 arma
270 416 320 441 ne
337 411 508 442 noceant.
538 404 649 452 Quid
672 404 745 442 hac
772 403 1026 456 postulatione
1044 404 1119 442 dici
1142 412 1266 455 potest

144 458 293 510 aequius
308 457 327 494 ¹?

197 511 316 560 Quod
334 511 379 561 si,
410 519 455 551 ut
480 526 504 550 a
528 512 761 565 quibusdam
787 512 885 550 mihi
904 514 985 562 ejus
1010 512 1264 551 familiaribus

143 566 292 606 dictum
312 573 380 614 est,
402 568 527 605 omnis
547 580 650 615 eum,
675 580 761 618 quae
786 567 950 605 habetur
970 575 1100 605 contra
1125 568 1262 605 volun-

135 628 257 660 tatem
291 622 386 671 ejus,
408 622 526 659 oratio
559 621 724 673 graviter
753 621 925 667 offendit,
948 621 1064 660 etiam
1091 621 1122 659 51
1153 622 1262 660 nulla

137 675 237 714 inest
251 676 482 714 contumelia
495 690 506 721 ς
528 676 695 714 feremus
708 676 821 713 amici
835 684 1024 714 naturam.
1055 675 1131 714 Sed
1144 676 1262 714 iidem

137 730 197 768 ffli
214 730 269 768 ita
279 742 432 768 mecum
447 745 457 768 ε
489 732 518 752 “
535 731 628 768 Non
640 730 743 767 idem
758 730 842 777 tibi,
857 730 1068 768 adversario
1086 730 1259 779 Caesaris,

137 784 281 831 licebit,
314 784 418 835 quod
451 784 583 822 Pisoni
616 784 798 822 socero:''
828 792 864 822 et
901 783 1017 822 simul
1055 784 1262 823 admonent

138 838 339 891 quiddam,
371 838 475 890 quod
503 838 750 884 cavebimu33
780 851 849 876 nec
869 838 938 876 erit
964 838 1116 887 justior,
1136 847 1263 889 patres

136 893 351 944 conscripti,
382 893 423 930 in
454 900 631 931 senatum
660 904 738 930 non
770 892 948 931 veniendi
976 893 1102 931 morbi
1130 905 1259 942 causa,

135 960 256 999 quam
274 947 419 985 mortis.

188 1002 291 1040 XII.
322 1001 411 1050 Sed,
427 1015 495 1053 per
509 1000 613 1040 Deos
624 1001 859 1041 immortales
878 1002 887 1040 Ξ
919 1008 957 1041 18
969 1002 1072 1040 enim
1090 1002 1260 1050 intuens,

134 1055 354 1103 Dolabella,
387 1056 455 1107 qui
487 1069 525 1094 es
553 1055 651 1093 mihi
677 1057 906 1104 carissimus,
926 1069 1005 1095 non
1033 1070 1189 1108 possum
1213 1057 1261 1095 de

133 1111 339 1162 utriusque
356 1113 525 1148 vestrfim
555 1123 677 1149 errore
704 1111 868 1149 reticere.
900 1110 1024 1149 Credo
1052 1111 1155 1149 enim
1176 1124 1257 1159 vos,

136 1165 313 1204 homines
341 1165 501 1213 nobiles,
532 1177 676 1216 magna
709 1165 888 1216 quaedam
922 1173 1145 1217 spectantes,
1181 1177 1259 1203 non

134 1219 341 1271 pecuniam
366 1222 427 1262 (ut
454 1219 612 1270 quidam
650 1219 765 1258 nimis
802 1220 945 1258 creduli
983 1221 1256 1270 suspicantur),

137 1288 225 1326 quae
259 1286 408 1325 semper
437 1275 485 1311 ab
518 1273 754 1324 amplissimo
788 1287 942 1325 quoque
974 1274 1259 1324 clarissimoque

136 1335 328 1367 contemta
347 1335 415 1374 est,
437 1339 515 1365 non
533 1341 623 1379 opes
642 1328 839 1373 violentas,
861 1336 897 1365 et
915 1328 1059 1379 populo
1079 1328 1258 1365 Romano

132 1382 297 1420 minime
314 1380 508 1419 ferendam
532 1382 757 1433 potentiam,
790 1382 856 1419 sed
876 1382 1071 1419 caritatem
1096 1381 1254 1429 civium,

135 1445 174 1475 et
191 1436 368 1488 gloriam,
396 1438 627 1487 concupisse.
657 1435 730 1474 Est
756 1444 884 1474 autem
905 1436 1026 1487 gloria
1050 1437 1135 1473 laus
1158 1443 1257 1473 recte

132 1492 336 1539 factorum,
356 1502 665 1542 magnorumque
689 1490 730 1527 in
755 1491 1034 1541 rempublicam
1052 1490 1159 1528 fama
1176 1501 1259 1528 me·

130 1545 310 1593 ritorum,
331 1558 432 1596 quae,
449 1557 539 1582 cum
553 1544 690 1596 optimi
705 1545 904 1596 cujusque,
920 1552 1006 1582 tum
1023 1544 1138 1582 etiam
1152 1545 1258 1582 mul-

132 1599 324 1648 titudinis,
344 1598 560 1637 testimonio
579 1600 858 1650 comprobatur.

187 1653 382 1701 Dicerem,
414 1652 633 1701 Dolabella,
660 1653 729 1705 qui
760 1661 859 1692 recte
888 1653 1077 1692 factorum
1109 1653 1256 1692 fructus

131 1715 242 1757 esset,
262 1707 336 1746 nisi
357 1715 395 1746 te
413 1715 550 1759 praeter
572 1715 725 1746 caeteros
751 1720 829 1746 8558
847 1716 1049 1759 expertum
1074 1707 1255 1747 viderem.

131 1763 267 1811 Quem
284 1769 391 1814 potes
409 1762 595 1800 recordari
619 1761 660 1800 in
678 1762 758 1800 vita
777 1762 848 1800 tibi
874 1763 1048 1801 illuxisse
1067 1763 1170 1801 diem
1188 1763 1256 1800 lae-

129 1818 281 1879 tiorem,
303 1830 422 1869 quam
441 1829 544 1863 cum,
572 1816 725 1868 expiato
743 1816 839 1865 foro,
860 1817 1042 1868 dissipato
1070 1829 1257 1855 concursu

131 1872 356 1923 impiorum,
375 1870 620 1932 'principibus
646 1871 795 1909 sceleris
817 1884 930 1923 poena
949 1871 1104 1919 affectis,
1124 1879 1162 1909 te
1187 1871 1256 1909 do-

132 1939 245 1964 mum
262 1925 469 1977 recepisti?
499 1925 624 1974 Cujus
647 1925 803 1974 ordinis,
829 1927 940 1976 qu'us
958 1925 1119 1977 generis,
1144 1926 1256 1975 cujus

131 1980 297 2032 denique
310 1980 486 2027 fortunae,
504 1979 629 2017 studia
640 1987 726 2018 tum
740 1979 847 2017 laudi
865 1988 902 2018 et
919 1979 1166 2031 gratulationi
1177 1987 1256 2017 tuae

132 2047 173 2073 se
190 2047 268 2072 non
286 2035 534 2073 obtuleiunt.
524 2036 542 2061 ⁹
572 2033 680 2081 Quin
711 2034 808 2072 mibi
834 2034 963 2081 etiam,
995 2047 1072 2085 quo
1101 2041 1255 2071 auctore

133 2094 177 2126 te
189 2088 232 2126 in
249 2088 295 2126 iis
318 2091 432 2127 rebus
455 2088 514 2126 uti
533 2089 827 2135 arbitrabantur,
849 2096 886 2127 et
912 2088 1052 2139 gratias
1071 2087 1163 2126 boni
1181 2087 1254 2126 viri

131 2143 311 2194 agebant,
342 2150 381 2182 et
408 2149 476 2181 tuo
502 2143 658 2182 nomine
679 2143 982 2195 gratulabantur.
1020 2142 1257 2191 Recordare,

190 2196 342 2244 (Orat.)
366 2208 473 2236 VOL.
494 2209 551 2235 lv.
960 2208 979 2235 s
