1509 2397
354 42 696 90 PHILIPPICA
727 43 811 82 ΙΙΙ.
842 44 948 83 CAP.
971 44 1009 81 4.
1165 44 1246 81 ‘245

117 153 264 191 hostem
300 151 436 203 populi
468 151 640 190 Romani
676 151 738 190 M.
769 151 989 190 Antonium
1024 149 1245 200 judicasset,

118 219 245 245 comes
270 219 349 245 esse
367 206 450 256 ejus
468 218 532 244 am
584 205 647 244 tiae
664 206 810 245 noluit.
846 205 1002 257 reliquit
1020 205 1247 249 consulem,
1235 219 1245 228 ·

118 260 224 312 quod
241 260 413 313 profecto
438 272 517 298 non
553 260 698 307 ecisset,
719 260 751 298 si
769 273 860 298 eum
880 260 1075 298 consulem
1096 260 1247 308 judica-

118 315 246 362 visset,
268 327 385 375 quem
410 313 509 352 nihil
527 313 634 352 aliud
653 327 778 365 agere,
803 314 901 351 nihil
920 313 1062 361 moliri,
1082 313 1155 350 nisi
1174 326 1247 351 αξ·-

116 368 206 407 dem
225 368 383 416 civium,
398 376 514 419 atque
532 368 732 407 interitum
747 368 921 415 civitatis,
936 367 1090 406 videret-
1110 368 1248 419 Atque

118 435 163 461 ea
179 423 280 474 legio
298 422 467 461 consedit
479 423 610 461 Albae.
640 422 774 471 Quam
792 422 919 474 potuit
937 423 1073 460 urbem
1093 421 1246 472 eligere,

120 485 188 515 aut
217 477 530 528 opportuniorem
556 476 607 515 ad
632 490 692 516 res
714 476 912 529 gerendas,
933 483 1001 515 aut
1024 475 1249 523 fideliorem,

120 538 188 569 aut
216 531 419 569 fortiorum
444 531 630 579 virorum,
656 539 725 570 aut
749 530 976 570 amiciorum
1003 529 1148 582 populo
1167 530 1251 567 Ro-

121 598 238 624 mano
257 585 399 624 civium
415 587 433 624 ?

175 639 353 689 Hujusce
384 639 545 691 legionis
569 639 752 678 virtutem
784 639 936 678 imitata
967 647 1106 690 quarta
1133 637 1248 689 legio,

123 693 220 732 duce
240 694 289 731 L.
309 693 543 744 Egnatuleio
568 701 770 745 quaestore,
798 693 880 732 eive
899 693 1046 744 optimo
1069 700 1106 730 et
1125 692 1252 730 fortis-

123 760 202 795 mo,
224 748 383 786 Caesaris
402 748 666 786 auctoritatem
687 757 804 799 atque
824 747 1034 786 exercitum
1053 755 1252 798 persecuta

123 810 191 846 est.
220 801 458 840 Faciendum
479 810 535 841 est
553 802 671 853 igitur
683 802 807 851 nobis,
827 811 952 853 patres
972 801 1188 852 conscripti,
1209 809 1254 840 ut

122 869 180 904 ea,
194 870 282 908 quae
296 856 366 894 sua
385 865 519 907 sponte
538 856 770 896 clarissimus
796 856 1012 894 adolescens
1034 863 1150 906 atque
1169 868 1253 892 om-

123 910 234 955 nium
253 911 590 962 praestantissimus
608 911 725 962 gaesit
743 918 780 949 et
798 910 910 962 gerit,
929 910 1013 948 haec
1031 908 1255 947 auctmitate

124 965 255 1003 nostra
283 967 607 1016 comprobentur;
639 973 999 1016 veteranorumque,
1029 963 1257 1002 fortissimo-

123 1031 212 1063 ¹rum
231 1019 416 1062 virorum,
436 1026 522 1057 tum
540 1019 702 1070 legionis
716 1019 873 1058 Martiae
887 1026 1125 1070 quartaeque,
1138 1017 1256 1055 mira-

120 1073 210 1111 bilis
228 1085 434 1113 cousensus
448 1073 498 1111 ad
508 1073 788 1125 rempublicam
808 1072 1122 1125 recuperandam,
1139 1071 1254 1111 laude

122 1134 160 1165 et
188 1127 406 1166 testimonio
437 1136 566 1167 nostro
598 1127 845 1166 confirmetur
861 1142 872 1166 ι
908 1140 1118 1178 eorumque
1150 1139 1255 1166 com-

125 1181 257 1229 moda,
277 1181 453 1229 honores,
469 1182 643 1233 praemia,
666 1195 756 1221 cum
775 1182 948 1221 consules
968 1180 1155 1232 designati
1173 1193 1257 1218 ma-

123 1235 328 1286 gistratum
340 1235 508 1285 inierint,
522 1249 622 1275 curae
636 1237 745 1275 nobis
759 1236 854 1284 fore,
871 1235 1055 1274 hodierno
1069 1235 1131 1274 die
1142 1247 1258 1286 spon-

126 1289 298 1327 deamus.

179 1343 256 1383 IV.
285 1343 424 1396 Atque
447 1357 491 1382 ea
510 1344 682 1396 quidem,
711 1357 800 1397 quae
823 1343 905 1384 dixi
930 1343 977 1382 de
1004 1342 1168 1391 Caesare,
1189 1342 1256 1382 de-

122 1410 200 1449 que
230 1398 312 1448 ejus
338 1398 520 1445 exercitu,
551 1400 636 1448 jam
668 1398 736 1437 diu
762 1406 855 1437 nota
884 1405 974 1437 sunt
999 1398 1122 1436 nobis.
1162 1397 1254 1436 Vir-

122 1459 204 1490 tute
222 1452 326 1490 enim
345 1452 563 1491 admirabili
584 1453 760 1501 Caesaris,
780 1452 1069 1504 constantiaque
1082 1451 1256 1490 militum

120 1514 401 1554 veteranorum,
435 1507 713 1559 legionumque
745 1520 878 1546 earum
908 1506 1056 1558 optimo
1088 1505 1250 1556 judicio,

123 1574 212 1612 quae
243 1561 507 1600 auctoritatem
537 1569 722 1610 nostram,
756 1561 974 1600 libertatem
1002 1560 1140 1613 populi
1170 1560 1253 1599 Ro-

122 1615 244 1662 mani,
263 1615 446 1654 virtutem
466 1614 514 1653 C.
535 1615 712 1662 Czaearis,
732 1623 870 1654 secutae
884 1622 988 1662 sunt,
1005 1628 1028 1654 a
1046 1614 1254 1653 cervicibus

124 1669 262 1708 nostris
281 1676 338 1708 est
355 1669 538 1722 depulsus
556 1670 766 1708 Antonius.
796 1669 887 1719 Sed,
906 1677 951 1708 ut
969 1669 1065 1717 dixi,
1088 1669 1171 1707 haec
1190 1682 1257 1707 su-

123 1723 299 1776 periora:
330 1723 403 1763 hoc
431 1737 520 1763 vero
550 1737 679 1764 recens
704 1724 872 1764 edictum
901 1724 955 1762 D.
982 1723 1115 1771 Bruti,
1150 1722 1256 1775 quod

125 1778 244 1830 paulo
262 1785 350 1816 ante
373 1778 616 1830 propositum
641 1786 711 1840 est,
734 1786 834 1818 certe
857 1778 1007 1817 silentio
1035 1789 1114 1816 non
1132 1784 1258 1829 potaet

125 1831 323 1884 praeteriri.
360 1833 570 1872 Pollicetur
601 1833 721 1882 enim,
752 1846 792 1872 se
816 1832 1051 1885 provinciam
1084 1831 1256 1870 Galliam

125 1894 367 1925 retenturum
391 1886 432 1925 in
455 1890 607 1926 senatus
628 1887 841 1940 populique
866 1886 1038 1926 Romani
1055 1892 1254 1947 potestate.

123 1940 168 1980 O
188 1940 312 1980 civem
330 1948 468 1979 natum
491 1942 726 1993 reipublicae,
754 1954 967 1980 memorem
987 1940 1047 1987 sui
1072 1939 1255 1988 nominis,

127 1994 438 2047 imitatoremque
463 1996 684 2046 majorum!
726 1996 870 2048 Neque
896 1995 1016 2042 enim,
1039 1993 1259 2045 Tarquinio

129 2049 304 2100 expulso,
327 2050 540 2100 majoribus
565 2050 704 2089 nostris
728 2057 810 2089 tam
838 2049 915 2088 fuit
938 2056 1070 2101 optata
1087 2047 1257 2098 libertas,

123 2115 250 2156 quam
268 2110 338 2153 est,
352 2104 506 2156 repulso
524 2104 715 2166 Antonio,
736 2103 934 2151 retinenda
950 2102 1073 2143 nobis.

906 2168 940 2197 Y
957 2158 983 2197 3
