1509 2397
206 93 288 131 348
443 91 784 131 PHILIPPICA
813 92 891 131 XI.
921 91 1027 132 CAP.
1048 95 1085 132 9.

205 200 338 251 igitur,
359 200 464 251 quod
487 207 661 252 ereptum
685 213 762 239 non
785 208 854 248 est,
884 208 941 239 est
969 200 1010 239 id
1028 200 1325 240 existimandum

206 255 354 293 datum.
384 254 631 316 Eripuissetis
647 255 691 293 C.
709 255 864 301 Caesari,
879 263 1006 306 patres
1024 255 1238 317 conscripti,
1253 256 1328 294 im-

206 309 374 370 perium,
395 309 468 346 nisi
497 309 702 347 dedissetis.
743 310 892 348 Milites
921 310 1102 357 veterani,
1129 310 1198 361 qui
1223 309 1329 348 1111115

208 363 486 410 auctoritatem,
518 363 738 414 imperium,
777 376 932 412 nomen,
965 364 1097 410 secuti,
1120 376 1190 424 pro
1214 377 1329 415 repu-

207 415 308 454 blica
326 430 433 455 arma
451 430 606 468 ceperar
598 425 641 463 1,
667 418 845 456 volebant
870 418 944 455 sibi
969 419 1017 455 ab
1036 418 1132 455 1110
1121 418 1326 469 imperari:

207 470 308 521 legio
327 471 487 518 Martia,
510 480 547 509 et
565 482 715 523 quarta,
734 473 789 509 ita
813 485 852 509 se
877 472 1116 510 contulerant
1133 472 1183 510 ad
1200 478 1330 510 aucto-

207 525 360 563 ritatem
380 528 545 572 senatus,
579 526 791 577 populique
823 526 994 563 Romani
1022 525 1263 577 dignitatem,
1283 533 1329 564 ut

210 592 301 617 eum
333 579 577 630 deposcerent
608 580 877 630 imperatorem
916 587 953 617 et
989 579 1139 618 ducem.
1187 579 1328 618 Caesari

209 633 357 671 bellum
376 633 589 680 necessitas,
609 633 727 671 fasces
745 642 912 682 senatus,
925 633 1041 672 dedit.
1071 633 1207 672 Otioso
1225 647 1327 682 vero,

210 687 308 725 nihil
327 687 454 738 agenti
472 688 548 738 pri
547 695 634 733 310,
655 689 810 727 obsecro
829 696 878 735 te,
900 688 948 725 L.
969 688 1112 736 Caesar,
1138 692 1246 731 (cum
1262 702 1330 740 pe-

211 741 393 779 ritissimo
411 741 568 780 homine
585 741 683 779 mihi
702 755 759 780 res
778 749 849 790 est)
869 742 1058 794 quando
1047 743 1256 794 imperium
1274 755 1333 782 se-

212 803 326 834 natus
347 795 474 834 dedit.
464 798 481 823 ⁹

269 850 346 888 IX.
378 850 453 888 Sed
485 850 532 888 de
561 849 633 888 hoc
663 850 820 902 quidem
850 851 1048 899 hactenus,
1075 863 1124 889 ne
1153 851 1334 903 refragari

213 903 362 942 homini
381 904 625 964 amicissimo,
645 918 689 942 ac
707 905 754 942 de
777 918 841 943 me
859 905 1004 956 optime
1021 905 1171 952 merito,
1192 906 1333 944 videar.

215 958 303 996 Etsi
331 958 417 1009 quis
443 966 549 1010 potes
551 968 566 996 t
593 958 787 1019 refragari,
820 972 897 997 non
927 959 1042 997 modo
1071 972 1149 997 non
1176 959 1336 1011 petenti,

216 1025 351 1050 verum
370 1012 485 1050 etiam
504 1013 726 1051 recusanti?
758 1014 834 1051 1113
851 1026 953 1060 ver0,
974 1021 1101 1064 patres
1120 1014 1336 1066 conscripti,

216 1067 341 1105 aliena
369 1067 571 1105 consulum
601 1067 800 1117 dignitate
822 1067 946 1105 aliena
975 1075 1194 1118 temporum
1213 1068 1340 1119 gravi-

217 1128 309 1168 tate,
330 1121 516 1158 sententia
530 1129 600 1168 est,
617 1129 661 1158 ut
676 1122 862 1164 consules,
878 1121 1093 1159 Dolabellae
1110 1135 1340 1173 persequen-

218 1174 259 1212 di
277 1188 404 1219 causa,
436 1175 575 1213 Asiam
602 1183 639 1213 et
659 1175 810 1226 Syriam
841 1175 1059 1213 sortiantur.
1098 1175 1254 1223 Dicam,
1275 1189 1343 1215 cur

218 1228 356 1267 inutile
383 1229 623 1279 reipublicae:
656 1229 723 1267 sed
746 1229 867 1280 prius,
887 1241 1006 1280 quam
1036 1236 1149 1281 turpe
1179 1231 1345 1268 consuli„

219 1285 293 1321 bus
313 1283 374 1330 sit,
391 1283 525 1321 videte.
557 1283 659 1321 Cum
674 1284 806 1321 consul
820 1283 1039 1334 designatus
1053 1283 1282 1332 obsideatur,
1302 1284 1344 1323 in

221 1350 343 1388 eoque
361 1337 558 1375 liberando
577 1338 678 1376 salus
697 1338 745 1375 sit
763 1337 885 1388 posita
903 1337 1148 1388 reipublicae;
1178 1351 1345 1390 cumque

222 1405 246 1429 a
263 1392 409 1442 populo
428 1392 606 1430 Romano
625 1391 795 1443 pestiferi
817 1392 915 1430 cives
932 1392 1207 1444 parricidaeque
1225 1392 1344 1431 desci-

223 1445 372 1490 verint;
404 1459 569 1497 cumque
593 1446 634 1484 id
661 1446 809 1484 bellum
841 1458 1033 1497 geramus,
1058 1459 1136 1498 quo
1165 1446 1268 1485 bello
1297 1447 1346 1485 de

223 1499 423 1551 dignitate,
444 1500 491 1538 de
509 1501 696 1547 libertate,
717 1500 764 1538 de
783 1500 862 1538 vita
881 1499 1156 1546 decernamus;
1186 1508 1238 1549 et,
1254 1501 1286 1539 si
1302 1501 1344 1539 in

223 1562 451 1606 potestatem
471 1554 556 1606 quis
574 1554 739 1593 Antonii
766 1553 923 1602 venerit,
953 1554 1146 1606 proposita
1175 1555 1250 1593 sint
1268 1561 1346 1594 tor-

225 1616 356 1646 menta
374 1616 490 1659 atque
508 1609 721 1654 cruciatus;
751 1621 918 1660 cumque
945 1609 1087 1647 harum
1115 1621 1243 1647 rerum
1262 1622 1346 1648 om-

226 1662 338 1700 nium
375 1663 578 1701 decertatio
620 1663 838 1702 consulibus
875 1662 1032 1714 optimis
1061 1671 1099 1702 et
1133 1662 1347 1702 fortissimis

226 1716 429 1755 commissa
443 1724 481 1755 et
498 1717 765 1755 commendata
779 1717 853 1763 sit;
882 1717 991 1755 Asiae
1009 1724 1047 1755 et
1065 1717 1185 1768 Syriae
1202 1717 1348 1755 mentio

225 1771 305 1818 fiet,
326 1778 370 1808 ut
389 1778 456 1808 aut
475 1771 678 1822 suspicioni
697 1771 855 1819 crimen,
875 1777 943 1810 aut
959 1770 1113 1811 invidiae
1130 1771 1346 1820 materiam,

227 1824 376 1863 dedisse
395 1824 594 1863 videamur
609 1828 626 1864 Ρ

281 1879 342 1917 Α1
359 1891 447 1918 vero
465 1879 519 1918 ita
536 1879 758 1928 decernunt,
785 1886 844 1927 ut,
875 1880 904 1902 “
922 1879 1082 1918 liberato
1109 1880 1234 1918 Bruto
1248 1880 1290 1918 :”
1309 1879 1351 1918 id

228 1933 332 1972 enim
350 1934 530 1981 restabat,
550 1941 595 1972 ut
624 1936 652 1956 ‘⁶
671 1934 816 1982 relicto,
844 1933 1004 1982 deserto,
1030 1933 1222 1985 prodito.''
1262 1934 1352 1985 Ego

228 2001 318 2026 vero
348 1987 584 2026 mentionem
612 1988 769 2026 omnino
794 1988 1076 2040 provinciarum
1094 1988 1236 2026 factam
1268 1988 1353 2026 dico

229 2041 461 2080 alienissimo
480 2049 663 2094 tempore.
694 2041 885 2090 Quamvis
899 2042 1003 2081 enim
1013 2042 1183 2080 intentus
1201 2043 1354 2081 animus

230 2103 321 2134 tuus
341 2095 402 2142 sit,
420 2094 491 2134 Cai
511 2096 651 2144 Pansa,
666 2096 782 2140 (sicut
800 2104 871 2143 est)
888 2096 938 2134 ad
956 2096 1083 2135 virum
1101 2096 1354 2135 fortissimum

232 2156 270 2188 et
289 2149 464 2187 omnium
488 2150 742 2189 clarissimum
773 2150 1044 2197 liberandum3
1075 2158 1204 2189 tamen
1226 2164 1357 2189 rerum

233 2211 372 2242 natura
384 2203 485 2255 cogit
505 2202 564 2254 [te
583 2204 810 2258 necessario]
832 2204 971 2245 referre
989 2204 1165 2248 animum
1183 2204 1365 2257 aliquan-W
