1509 2397
344 65 687 106 PHILIPPICA
709 66 791 105 ΙΙΙ.
822 65 928 106 CAP.
956 68 1017 106 15.
1155 69 1233 112 257

109 186 263 212 morum
293 182 331 213 et
361 173 658 213 fortissimorum
697 174 880 222 virorum,
911 174 1231 214 amicissimorum

106 227 251 279 populo
280 229 460 268 Romano
492 228 648 276 civium,
680 229 980 280 exercitumque,
1012 229 1052 267 in
1079 233 1229 269 senatus

108 288 294 333 potestate
319 283 502 328 retineat3
533 283 574 320 id
592 295 697 329 eum,
718 282 1004 335 exercitumque
1024 284 1120 333 ejus,
1140 296 1229 327 11111,-

106 335 262 388 nicipia,
275 337 439 375 colonias
450 336 654 388 provinciae
670 336 822 385 Galliae,
838 345 937 374 recte
952 345 1067 388 atque
1081 338 1226 386 ordine,

108 402 234 441 exque
251 404 292 429 re
309 391 465 442 publica
483 390 613 429 fecisse
632 401 669 428 et
686 390 820 429 facere.
850 392 1036 429 Senatum
1055 391 1104 429 ad
1123 405 1229 429 sum-

106 455 214 482 mam
239 458 321 483 rem
349 445 545 497 publicam
575 445 762 496 pertinere
781 445 967 492 arbitrari,
988 459 1010 483 a
1030 445 1082 482 D.
1104 446 1229 484 Bruto

107 504 145 535 et
163 500 212 537 ab
232 499 280 538 L.
302 500 460 548 Planco,
480 499 786 550 imperatoribus,
813 499 1033 538 consulibus
1053 499 1228 550 designa-

104 551 167 599 tis,
188 553 359 606 itemque
377 567 400 591 a
422 554 564 592 caeteris
583 553 652 605 qui
674 553 886 604 provincias
914 553 1100 602 obtinent,
1127 554 1227 597 obtif-

103 606 186 644 neri
205 621 253 646 ex
271 608 355 659 lege
374 608 404 646 J
407 608 500 655 ulia,
517 607 645 668 quoad
663 621 711 645 ex
730 608 1072 646 senatus-consulto
1087 608 1226 659 cuique

102 672 237 702 eorum
270 675 486 701 successum
505 662 575 700 sit.
607 674 745 713 eosque
777 654 867 700 dare
896 675 1066 713 operam,
1097 670 1141 700 ut
1171 675 1226 700 eae

100 714 306 765 provinciae
330 718 591 768 exercitusque
613 716 655 753 in
674 719 825 754 senatus
844 716 1055 768 populique
1075 716 1223 755 Roma-

102 767 144 815 ni
160 778 360 821 potestate,
379 771 632 822 praesidioque
651 770 884 821 reipublicae.
914 770 1001 809 sint.
1042 770 1224 822 Cumque

100 823 230 874 opera,
252 824 406 873 virtute,
434 825 590 867 consilio
621 824 665 863 C.
688 824 861 871 Caesaris,
886 837 1115 876 summoque
1135 837 1224 863 con-

101 889 214 915 sensu
232 879 404 917 militum
422 887 702 926 veteranorum,
735 878 817 931 qui,
848 880 929 928 ejus
958 879 1224 917 auctoritatem

100 931 232 981 secuti,
253 933 472 984 reipublicae
489 932 666 984 praesidio
680 940 770 970 sunt
789 941 827 971 et
845 933 1026 978 fuerunt3
1049 942 1086 971 et
1099 946 1123 970 a
1136 946 1223 984 gra-

99 984 262 1025 vissimis
280 987 457 1039 periculis
485 988 652 1039 populus
679 988 881 1026 Romanus
906 987 1083 1025 defensus
1102 987 1164 1035 sit,
1185 995 1224 1025 et

98 1038 172 1078 hoc
190 1048 364 1104 tempore
388 1042 641 1080 defendatur:
673 1054 839 1093 cumque
863 1041 963 1092 legio
983 1041 1130 1079 Martia
1146 1042 1223 1079 Al-

97 1094 159 1133 bae
177 1096 398 1145 constiterit,
417 1096 459 1134 in
477 1095 687 1147 municipio
706 1095 926 1134 fidelissimo
945 1102 983 1133 et
1000 1095 1221 1144 fortissimo,

98 1161 253 1201 seseque
272 1150 321 1188 ad
340 1154 490 1189 senatus
516 1150 797 1211 auctoritatem,
820 1149 1032 1201 populique
1051 1149 1221 1188 Roman

96 1202 327 1253 libertatem,
347 1205 572 1253 contulerit:
595 1204 699 1256 quod
718 1204 801 1255 pari
820 1204 988 1252 consilio,
1009 1203 1221 1265 eademque

96 1256 237 1296 virtute
264 1259 363 1310 legio
392 1267 530 1311 quarta
558 1272 641 1305 usa,
672 1259 721 1296 L.
742 1258 975 1309 Egnatuleio
1007 1257 1118 1305 duce,
1146 1258 1221 1296 civi

97 1312 264 1363 egregiO,
296 1318 447 1352 senatus
484 1313 761 1360 auctoritatem,
799 1311 1010 1364 populique
1048 1312 1220 1350 Romani

95 1364 326 1415 libertatem,
370 1367 565 1415 defendat,
603 1366 838 1411 defenderim
880 1366 1029 1404 senatui
1064 1371 1218 1417 magnae

95 1431 196 1457 curae
211 1433 302 1468 esse,
323 1435 367 1460 ac
385 1422 478 1469 fore,
499 1430 557 1467 ut,
577 1434 647 1473 pro
661 1421 777 1459 tantis
795 1433 928 1459 eorum
947 1420 987 1457 in
1007 1421 1219 1472 rempubli-

95 1485 182 1511 cam
203 1476 362 1524 meritis,
387 1476 550 1515 honores
575 1476 628 1513 eis
645 1475 871 1522 habeantur,
897 1474 1107 1526 gratiaeque
1122 1474 1219 1512 refe-

94 1535 252 1568 rantur:
284 1530 433 1569 senatui
458 1531 621 1582 placere,
653 1530 711 1567 uti
740 1529 784 1568 C.
806 1530 947 1576 Pansa,
973 1529 1027 1566 A.
1049 1529 1218 1578 Hirtius,

93 1583 267 1622 consules
285 1584 486 1636 designati,
507 1598 597 1623 cum
624 1584 894 1635 magistratum
918 1583 1086 1631 inierint,
1117 1584 1147 1621 si
1166 1583 1219 1621 eis

93 1635 298 1685 videbitur,
329 1641 456 1691 primo
484 1652 638 1700 quoque
668 1646 838 1699 tempore
863 1637 911 1675 de
939 1637 1000 1675 1115
1025 1639 1139 1675 rebus
1168 1637 1218 1675 ad

93 1690 198 1730 hunc
209 1692 381 1732 ordinem
394 1693 590 1742 referant,'
581 1702 635 1732 lta
649 1693 707 1731 uti
722 1706 742 1732 e
756 1705 795 1731 re
809 1692 965 1744 publica
981 1691 1132 1743 fideque
1146 1705 1217 1732 sua

94 1746 353 1789 censuerint.”

892 2231 955 2266 23
