1509 2397
645 468 869 508 ORATIO
900 467 946 505 L.

752 595 858 604 ι.-.-

510 685 579 732 IN
613 686 685 733 M.
719 684 1083 733 ANTONIUM

594 814 818 863 Philippica
849 814 1006 852 Octava.

729 941 886 971 —4-

584 1039 1025 1080 ARGUMENTUM.

249 1155 464 1195 MonTUo'
490 1154 569 1194 Ser.
597 1154 766 1206 Sulpicio
789 1154 829 1192 in
854 1155 1042 1206 legatione
1060 1154 1109 1193 ad
1126 1155 1360 1205 Antonium,

248 1210 296 1248 L.
318 1210 407 1248 Piso
437 1218 474 1248 et
506 1209 554 1246 L.
575 1209 780 1260 Philippus
809 1209 1061 1247 intolerabilia
1088 1210 1279 1260 postulata
1309 1214 1359 1250 ab

247 1264 419 1302 Antonio
433 1263 481 1301 ad
493 1270 666 1301 senatum
680 1263 901 1301 retulerunt.
930 1262 1039 1300 Tum
1052 1263 1199 1301 bellum
1210 1272 1363 1304 senatus

248 1318 388 1356 indixit
414 1317 609 1363 Antonio;
640 1316 719 1363 sed,
749 1317 790 1355 in
823 1318 1180 1365 senatus-consulto,
1213 1320 1361 1357 tumul-

249 1380 349 1420 tum,
369 1371 643 1409 nonnullorum
659 1384 786 1417 suasu
800 1371 990 1422 appellare
1001 1371 1139 1409 maluit
1149 1385 1267 1424 quam
1280 1374 1362 1412 bel-

249 1426 345 1465 lum.
377 1425 427 1463 Id
437 1424 677 1476 reprehendit
688 1425 832 1473 Cicero,
845 1432 1045 1476 tamquam
1055 1425 1196 1464 leniore
1214 1434 1367 1477 senatu

252 1493 370 1532 quam
388 1480 429 1517 in
448 1492 537 1518 eum
557 1492 635 1517 esse
660 1486 842 1530 oporteat,
863 1479 931 1530 qui
950 1479 984 1516 ei
1009 1491 1086 1517 non
1103 1487 1247 1531 pareat,
1267 1481 1363 1520 Μιι-

251 1535 449 1586 tinamque
480 1533 600 1571 nihilo
629 1532 783 1583 segnius
811 1541 896 1584 post
921 1532 1092 1571 auditam
1120 1534 1362 1585 legationem,

252 1601 371 1640 quam
390 1594 513 1635 antea,
533 1594 743 1638 oppugnet.
768 1587 918 1625 Deinde
937 1600 1027 1625 cum
1056 1587 1212 1636 Caleno,
1238 1589 1365 1629 adhuc

252 1643 301 1681 de
325 1655 418 1694 pace
449 1648 599 1692 agente,
627 1648 664 1679 et
691 1641 794 1692 pacis
813 1641 1013 1679 commoda
1031 1651 1361 1693 commemorante,

253 1696 632 1746 Massiliensiumque
650 1695 849 1733 commoda
859 1702 1118 1746 oppugnante,
1132 1698 1263 1735 acerbe
1277 1710 1365 1736 con-

254 1749 452 1803 queritur,
442 1763 451 1773 ·
474 1756 510 1788 et
525 1749 640 1787 simul
659 1762 720 1787 eos
739 1757 901 1795 accusat,
922 1749 991 1800 qui
1001 1748 1206 1788 mittendos
1224 1750 1363 1791 iterum

253 1805 303 1842 ad
329 1803 543 1842 Antonium
568 1803 712 1854 legatos
741 1811 974 1841 censuerant.
1015 1803 1196 1841 Pisonem
1215 1812 1252 1843 et
1271 1806 1366 1844 Phi..

252 1859 406 1910 lippum
440 1834 629 1908 increpat?
650 1857 718 1908 qui
745 1857 925 1894 mandata
955 1856 1129 1918 Antonii,
1167 1865 1366 1910 tamquam

255 1914 337 1962 ejus
354 1911 486 1962 legati,
503 1923 578 1948 non
594 1918 791 1962 tamquam
811 1924 834 1948 a
852 1918 984 1949 senatu
1001 1911 1122 1958 missi„
1138 1913 1363 1952 retulissent.

255 1965 517 2017 Reprehendit
540 1972 728 2003 senatores
748 1965 917 2002 Antonio
944 1965 1134 2003 faventes:
1165 1965 1366 2006 decernen-

255 2020 352 2058 dum
379 2027 517 2066 censet,
537 2026 581 2056 ut
598 2018 658 2066 iis,
688 2019 754 2070 qui
787 2032 876 2056 eum
897 2019 1067 2057 Antonio
1091 2020 1179 2067 sint,
1202 2028 1368 2071 potestas

255 2074 366 2112 detur
384 2073 433 2111 ad
461 2072 660 2111 sanitatem
679 2073 860 2111 redeundi
886 2080 973 2111 ante
997 2073 1090 2111 Idus
1110 2073 1273 2113 Martias
1290 2076 1369 2127 pri.

255 2140 364 2172 mas;
394 2129 491 2165 bene
521 2126 754 2165 merentibus
783 2127 914 2178 gratiae
938 2127 1171 2172 referantur;
1201 2129 1367 2179 proficis-

255 2182 364 2219 cendi
389 2181 438 2219 ad
469 2180 697 2225 Antonium
729 2190 885 2232 excepto
914 2182 996 2230 ejus
1024 2182 1148 2233 legato
1176 2182 1227 2230 Q.
1250 2183 1289 2221 V
1289 2184 1367 2222 ario

255 2235 412 2287 CotylSt2
434 2235 578 2275 nemini
597 2235 757 2275 multas
775 2235 1009 2275 concedatur.
