1555 2433
393 102 508 143 PRO
536 102 748 143 BALBO.
777 102 882 142 cst.
917 103 979 148 17.
1195 107 1245 151 17

126 211 261 265 populi
273 213 452 263 majestas
470 212 681 250 conservari
695 212 866 262 jubetur,
883 211 930 249 de
948 211 1065 250 altero
1083 210 1242 260 siletur-g

126 273 225 305 certe
251 266 318 305 ille
344 266 512 318 populus
536 267 578 305 in
607 266 791 317 superiori
815 265 1028 304 conditione
1051 266 1242 318 causaque

124 320 293 372 ponitur,
313 321 422 370 cujus
439 321 617 370 majestas
636 320 784 358 foederis
803 319 993 358 sanctione
1012 319 1241 358 defenditur.

125 375 176 413 In
194 388 271 426 quo
291 382 370 413 erat
390 375 614 413 accusatoris
631 374 891 425 interpretatio
907 373 1067 424 indigna
1084 387 1240 425 respon..

125 428 242 476 sione,
270 429 338 480 qui
369 428 424 466 ita
449 428 611 476 dicebat,
646 429 819 467 Comiter
845 441 925 466 esse
950 430 1206 466 communiter
1221 443 1238 474 ,-

124 483 234 534 quasi
252 495 340 521 vero
358 482 526 534 priscum
540 482 696 534 aliquod
708 489 774 520 aut
784 481 982 520 irsolitum
1000 483 1162 519 verbum
1180 482 1241 519 in-

121 543 400 588 terpretaretur.
430 536 583 584 Comes,
603 536 774 587 benigni,
795 535 936 584 faciles,
964 548 1096 574 suavoe
1114 535 1241 574 homi-

120 601 188 629 nes
218 603 296 629 esse
324 590 515 629 dicuntur.
546 593 574 613 4‘·
590 590 673 638 Qui
701 590 840 628 erranti
865 592 1023 627 comiter
1052 597 1243 628 monstrat

120 645 253 693 viam‚’
257 645 451 696 'benigne
463 652 500 683 et
511 657 587 683 non
601 652 781 696 gravate.
813 646 1068 681 commzmzter
1082 643 1240 695 quidem

120 705 219 736 certe
236 711 315 737 11011
341 699 527 737 convenit.
556 699 612 737 Et
629 698 743 736 simul
764 697 928 736 absurda
947 710 1005 736 res
1025 706 1094 744 est,
1116 697 1239 736 caveri

118 751 270 799 findere,
297 759 343 790 ut
363 754 603 803 majestatem
627 751 762 803 populi
788 751 960 789 Romani
983 751 1241 789 communiter

119 813 368 852 conservent3
396 806 437 843 id
456 814 524 854 est,
545 813 589 843 ut
613 806 779 856 populus
799 806 1000 844 Romanus
1019 817 1129 843 suam
1154 817 1241 843 ma-

114 860 293 910 jestatem
312 871 391 898 esse
409 859 554 898 salvam
568 859 670 897 velit.
700 859 818 906 Quod
837 859 869 896 si
890 860 972 908 jam
990 859 1045 897 ita
1064 866 1172 906 esset,
1193 866 1239 897 ut

118 925 198 952 esse
210 925 287 951 non
301 920 450 965 potest;
483 921 614 952 tamen
633 912 680 951 de
697 912 826 950 nostra
843 913 1054 961 majestate,
1074 912 1172 950 nihil
1191 913 1240 952 de

115 967 287 1015 illorum,
307 975 511 1006 caveretur.
541 967 721 1006 Potestne
737 966 855 1017 igitur
873 974 1002 1004 nostra
1018 967 1197 1015 majestas
1215 980 1241 1005 a

117 1021 319 1060 Gaditanis
329 1022 507 1083 benigne
513 1020 738 1069 conservari,
755 1020 800 1066 si,
820 1019 869 1058 ad
884 1032 968 1058 earn
982 1020 1236 1068 retinendam,

118 1075 330 1114 Gaditanos
361 1075 529 1127 praemiis
561 1075 693 1113 elicere
720 1086 798 1112 non
828 1076 1065 1125 possumus?
1104 1075 1238 1113 Potaet

114 1142 194 1168 esse
212 1130 294 1168 ulla
311 1129 476 1181 denique
486 1130 681 1179 majestas,
697 1128 730 1166 si
747 1128 996 1179 impedimur,
1010 1128 1235 1195 quominus,

113 1195 183 1235 per
194 1185 384 1235 populum
395 1184 636 1230 Romanum,
647 1182 933 1229 beneficiorum,
942 1181 1092 1220 virtutis
1104 1182 1233 1231 nausii,

113 1237 404 1277 tribuendorum
421 1245 647 1290 potestatem
664 1236 958 1288 imperatoribus
975 1235 1112 1274 nostris
1131 1236 1236 1275 defe-

112 1294 276 1331 ramus?

167 1344 312 1384 XVII.
342 1344 417 1384 Sed
436 1344 531 1398 quid
555 1357 625 1395 ego
655 1344 823 1396 disputo,
850 1357 938 1394 quae
959 1343 1058 1381 mihi
1080 1350 1234 1390 tum,sr

115 1398 300 1437 Gaditani
317 1406 448 1437 contra
462 1411 526 1436 me
544 1398 724 1446 dicerent,
738 1411 823 1436 vere
841 1410 950 1448 posse
968 1397 1042 1435 dici
1061 1396 1235 1434 videren-

112 1459 178 1491 tur
191 1453 210 1489 Ρ
238 1452 325 1490 11115
343 1452 448 1491 enim
473 1452 729 1503 repetentibus
749 1451 798 1489 L.
820 1451 1056 1495 Cornelium,
1077 1463 1234 1502 respon-

112 1507 259 1555 flerem,
289 1506 414 1557 legem
432 1506 622 1558 populum
648 1506 872 1544 Romanum
898 1504 1052 1553 jussisse
1075 1503 1123 1542 de
1141 1504 1233 1542 eivi-

112 1568 190 1600 tate
208 1560 438 1599 tribuenda:
468 1559 559 1598 huic
587 1560 716 1610 generi
742 1560 875 1610 legum
898 1558 1039 1596 fundos
1067 1559 1233 1609 populos

110 1614 195 1654 fieri
212 1625 290 1652 non
309 1615 452 1653 solere:
481 1614 553 1652 Cn.
567 1613 798 1665 Pompeium
813 1613 860 1651 de
879 1612 1024 1650 consilii
1042 1612 1232 1651 sententia

106 1667 302 1708 civitatem
320 1668 411 1707 huic
424 1667 598 1713 dedisse3
628 1668 781 1705 nullum
794 1666 931 1718 populi
943 1665 1062 1704 nostri
1077 1667 1231 1715 jussum

112 1723 324 1761 Gaditanos
348 1723 513 1761 habere:
542 1722 672 1773 itaque
702 1721 800 1759 nihil
822 1733 901 1759 esse
931 1728 1227 1769 sacrosanctum,

112 1776 217 1828 quod
239 1777 323 1827 lege
352 1783 557 1828 exceptum
584 1775 799 1814 videretur·
830 1774 862 1813 si
891 1780 1000 1821 esset,
1026 1781 1156 1812 tamen
1187 1774 1229 1811 in

109 1829 248 1870 foedere
277 1830 374 1868 nihil
399 1842 479 1869 esse
500 1837 671 1877 cautum,
697 1835 834 1881 praeter
862 1840 1020 1880 pacem:
1051 1827 1228 1865 additum

108 1884 226 1924 etiam
244 1896 322 1923 esse
339 1884 451 1932 illud,
471 1891 516 1922 ut
533 1884 772 1944 majestatem
801 1882 859 1920 illi
883 1888 1053 1920 nostram
1078 1893 1229 1919 conser-

110 1950 198 1977 vare
215 1936 420 1985 deberent3
451 1951 539 1989 quae
556 1944 654 1976 certe
671 1937 922 1983 minueretur,
943 1935 974 1973 si
992 1942 1060 1973 aut
1077 1933 1228 1984 adjuto-

110 1991 216 2030 ribus
233 1991 389 2030 illorum
411 1992 557 2030 civibus
579 1990 639 2029 uti
663 1990 704 2028 in
722 1990 832 2029 bellis
853 1988 963 2027 nobis
987 2000 1065 2027 non
1082 1987 1226 2036 liceret,

110 2052 179 2084 aut
197 2045 346 2096 praemii
363 2045 558 2084 tribuendi
573 2051 798 2096 potestatem
817 2043 967 2081 nullam
984 2042 1226 2080 haberemus.

165 2099 286 2137 Nunc
307 2112 396 2137 vero
425 2098 520 2151 quid
549 2111 620 2150 ego
649 2105 780 2137 contra
810 2096 1021 2136 Gaditanos
1052 2096 1225 2146 loquar?

106 2164 200 2190 cum
218 2151 273 2201 id,
285 2153 390 2204 quod
407 2152 583 2200 defendo,
603 2152 798 2190 voluntate
822 2163 970 2213 eorum,
989 2149 1226 2211 auctoritate,

110 2205 297 2256 legatione
325 2206 422 2258 ipsa,
453 2207 746 2258 comprobetur·
735 2234 748 2253 ,
778 2205 860 2257 qui,
891 2217 914 2242 a
927 2202 1132 2294 3principio
1163 2201 1225 2240 sui

226 2281 230 2287 ·
883 2269 906 2295 c
