1509 2397
241 69 325 115 372
457 71 802 112 PHILIPPICA
830 72 959 117 XIII.
990 73 1097 114 CAP.
1125 73 1166 112 4.

292 179 352 219 At
375 179 540 220 incertus
566 181 691 221 exitus
717 182 808 221 belli
835 189 902 221 est.
932 183 1006 222 Est
1027 179 1186 223 omnino
1206 180 1366 222 fortium

238 233 423 284 virorum,
444 237 576 288 quales
599 250 665 275 vos
695 250 774 276 esse
803 237 962 286 debetis,
982 237 1164 276 virtutem
1185 244 1364 289 praestare

239 292 410 331 (tantum
436 291 539 329 enim
558 299 764 342 possunt);
793 292 958 330 fortunae
981 292 1137 344 culpam
1160 303 1238 330 non
1267 291 1365 329 exti-

237 354 414 382 mescere.
451 345 542 394 Sed,
562 347 746 407 quoniam
766 348 815 385 ab
833 346 906 385 hoc
925 347 1058 385 ordine
1076 358 1154 384 non
1181 345 1367 384 fortitudo
1424 394 1427 396 Ι

237 397 379 444 solum,
390 412 523 437 verum
536 400 651 438 etiam
665 400 863 452 sapientia,
877 399 1093 463 postulatur
1106 401 1366 453 (quamquam

238 451 304 490 vix
324 452 502 492 videntur
519 454 602 492 haec
620 468 689 506 pos
673 468 731 493 sse
750 455 914 517 sejungi,
931 455 1180 505 sejungamus
1190 452 1365 504 tamen)·
1352 483 1366 500 ‚

239 506 424 545 fortitudo
443 507 623 546 dimicare
638 510 763 558 jubet,
781 510 932 559 justum
951 508 1084 547 odium
1112 508 1296 555 incendit,
1316 508 1367 546 ad

238 561 521 612 confligendum
540 562 719 623 impellit,
735 570 844 601 vocat
859 562 908 600 ad
925 563 1152 624 periculum.
1182 561 1293 610 Quid
1305 575 1366 600 sa·

236 615 409 666 pientia?
453 616 698 655 Cautioribus
726 617 850 655 utitur
876 617 1067 664 consiliis3
1098 617 1140 655 in
1165 624 1364 668 posterum

240 670 440 721 providet3
473 680 527 709 est
558 671 666 709 omni
695 671 841 710 ratione
869 671 1085 723 protectior.
1114 670 1225 719 Quid
1252 670 1371 723 igitur

236 727 394 763 censet?
423 725 639 776 parendum
659 733 714 764 est
734 725 861 764 enim:
894 733 1009 777 atque
1033 725 1074 764 id
1091 725 1285 778 optimum
1301 726 1367 775 ju-

236 778 459 827 dicandum,
473 779 577 831 quod
592 793 623 818 51
626 788 640 818 t
653 779 931 832 saplentissnne
943 780 1208 819 constitutum.
1238 779 1280 818 Si
1293 780 1368 818 hoc

236 846 279 884 p
269 846 350 871 -aecz
340 833 422 884 pit,
444 846 492 872 ne
511 834 606 886 quid
625 834 703 873 vita
722 834 938 873 existimem
951 834 1162 886 antiquius,
1177 846 1226 872 ne
1238 833 1367 872 decer-

238 899 330 925 nam
351 888 484 939 capitis
501 888 684 940 periculo,
704 889 854 940 fugiam
869 901 982 927 omne
1000 889 1230 933 discrimen3
1261 901 1368 940 quae-

239 954 325 979 ram
344 955 391 980 ex
412 956 468 989 83,
490 943 668 1004 etiamne,
690 943 722 981 si
747 943 832 991 erit,
859 956 949 982 cum
974 943 1016 981 id
1040 943 1177 990 fecero,
1206 942 1371 981 servien-

239 995 347 1034 dum.
378 997 420 1036 Si
440 997 643 1043 annuerit;
673 1010 734 1036 nae
754 1010 824 1049 ego
843 998 1070 1059 sapientiam
1084 997 1214 1045 istam,
1231 1009 1371 1049 quam-

238 1050 296 1089 vis
316 1051 366 1089 sit
385 1051 546 1100 erudita,
567 1063 645 1089 non
665 1052 833 1090 audiam.
881 1052 950 1091 Sin
976 1051 1226 1104 responderit,
1258 1053 1288 1074 ‘⁶
1303 1051 1371 1089 'lu

238 1117 328 1143 vero
346 1105 400 1143 ita
419 1106 539 1144 vitam
554 1118 766 1157 corpusque
778 1115 939 1153 servato,
953 1107 1008 1144 ita
1018 1106 1206 1154 fortunas,
1218 1105 1273 1144 ita
1285 1118 1368 1144 rem

240 1158 486 1207 familiarem,
503 1167 547 1198 ut
560 1160 767 1211 posteriora
784 1160 959 1198 libertate
975 1160 1118 1206 ducas,
1106 1173 1118 1183 ·
1147 1160 1296 1212 ita-que
1309 1159 1371 1198 his

241 1213 299 1251 uti
319 1214 425 1261 velis,
447 1214 478 1252 si
496 1214 617 1252 libera
635 1214 832 1266 republica
850 1215 996 1266 possis:
1017 1226 1088 1253 nec
1100 1214 1371 1266 111-01ιὶ5111181·-

243 1274 378 1316 tatem,
393 1268 458 1306 sed
476 1282 546 1319 pro
565 1269 739 1307 libertate
753 1269 849 1317 haec,
865 1268 1055 1321 projicias,
1072 1275 1273 1320 tamquam
1285 1268 1373 1320 pig-

175 1319 182 1325 '
241 1334 335 1360 nora
353 1323 528 1372 injuriae·
518 1323 545 1369 ,⁹
550 1324 676 1361 ’tum
697 1323 892 1375 sapientiae
910 1336 1043 1362 vocem
1062 1322 1194 1361 audire
1212 1322 1367 1361 videar·
1354 1351 1368 1369 ‚

241 1375 367 1428 eique,
383 1377 442 1415 uti
458 1377 557 1426 Deo,
574 1391 742 1438 paream.
774 1378 914 1429 Itaque
933 1378 979 1425 si,
999 1377 1158 1429 receptis
1175 1377 1266 1426 11115,
1282 1388 1370 1428 pos·

241 1443 376 1469 sumus
396 1444 475 1470 esse
493 1432 618 1480 liberi,
640 1431 838 1470 vincamus
853 1432 1000 1479 odium,
1021 1444 1233 1484 pacemque
1245 1431 1370 1483 patia-

241 1497 343 1523 mur.
374 1486 474 1525 Sin
459 1500 538 1536 Jus,
565 1486 824 1525 incolumibus
842 1486 917 1535 his,
944 1486 1101 1524 nullum
1120 1499 1199 1525 8558
1216 1492 1365 1538 potest·
1353 1514 1367 1532 ‚

242 1539 420 1578 laetemur
431 1540 647 1579 decertandi
659 1541 828 1579 oblatam
841 1554 919 1579 esse
931 1541 1138 1579 fortunam.
1154 1542 1243 1579 Aut
1253 1540 1372 1587 enim,

239 1593 347 1632 victis
374 1595 448 1643 his,
470 1595 644 1633 fruemur
663 1595 814 1634 victrice
836 1595 1054 1647 republic313
1085 1601 1167 1641 aut,
1187 1593 1371 1647 oppressi,

243 1649 367 1700 (quod
385 1662 498 1688 omen
518 1657 662 1688 avertat
680 1649 838 1702 Jupiter
854 1650 884 1697 !)
905 1649 937 1688 si
955 1662 1034 1689 non
1062 1649 1215 1701 spiritu,
1239 1657 1280 1687 at
1296 1649 1375 1688 vir-

244 1703 337 1741 tutis
355 1703 484 1752 laude,
507 1704 691 1742 vivemus.

296 1757 373 1796 IV.
402 1760 463 1797 At
481 1758 584 1796 enim
603 1771 672 1797 nos
691 1757 754 1796 M.
775 1757 961 1810 Lepidus,
981 1758 1189 1810 imperator
1210 1757 1370 1806 iterum,

240 1811 416 1864 pontifex
434 1813 644 1859 maximus,
661 1813 805 1865 optime
819 1813 996 1865 proximo
1010 1813 1112 1852 civili
1125 1812 1227 1851 bello
1245 1811 1293 1850 de
1311 1825 1371 1850 re-

241 1866 398 1918 publica
417 1867 590 1915 meritus,
607 1868 656 1905 ad
673 1880 808 1919 pacem
823 1867 1059 1906 adhortatur.
1089 1867 1251 1905 Nullius
1263 1866 1369 1918 apud

241 1933 320 1968 me,
341 1928 466 1971 patres
485 1922 700 1974 conscripti,
717 1922 919 1960 auctoritas
936 1923 1060 1972 major
1079 1928 1149 1968 est,
1169 1933 1290 1972 quam
1302 1920 1366 1959 M.

241 1974 396 2025 Lepidi,
419 1976 479 2014 vel
502 1983 656 2027 propter
679 1977 800 2028 ipsius
818 1976 1014 2026 virtutem,
1035 1976 1096 2014 vel
1124 1983 1280 2027 propter
1309 1975 1368 2013 fa-

240 2029 359 2067 miliae
389 2029 628 2092 dignitatem.
658 2030 862 2069 Accedunt
888 2031 1021 2069 eodem
1050 2030 1177 2068 multa
1205 2029 1369 2081 privata,

239 2095 383 2134 magna
402 2085 485 2134 ejus
503 2084 544 2122 in
563 2098 627 2123 me
645 2085 795 2132 merita,
815 2098 859 2123 ac
877 2098 965 2124 mea
983 2084 1191 2137 quaedam'
1180 2096 1221 2122 ιιι
1240 2084 1369 2122 11111111.

238 2136 466 2176 Maximum
486 2152 574 2177 vero
593 2140 676 2189 ejus
695 2139 924 2179 beneficium
956 2151 1137 2205 numero,
1164 2137 1270 2191 quod
1294 2137 1368 2176 hoc

238 2192 370 2232 animo
389 2192 429 2232 in
448 2194 728 2248 rempublicam
747 2201 818 2246 est,
843 2207 931 2247 quae
948 2193 1046 2234 mihi
1065 2193 1147 2235 vita
1162 2192 1251 2234 mea
1268 2203 1370 2233 sem-
