1509 2397
269 113 345 152 182
618 110 961 159 PHILIPPICA
989 112 1025 151 Ι.

265 221 418 261 tabulas
448 220 618 271 figebat;
649 220 839 259 civitatem
869 220 1211 273 immunitatoeque
1238 220 1354 260 dabat
1368 234 1384 267 ς

265 275 415 314 exsules
433 273 663 320 reduoebat;
694 287 814 327 eaque
833 288 871 313 se
889 275 1012 314 facere
1028 275 1158 313 omnia
1175 274 1323 314 dicebat
1334 286 1382 314 ex

262 329 413 381 legibus
444 328 617 375 szariS,
648 337 715 367 aut
745 342 793 366 ex
823 330 904 379 ejus
940 329 1231 368 commentariis.
1271 329 1381 367 Tum

264 384 410 431 Cicero,
431 382 630 433 desperata
654 395 809 433 prorsus
826 382 1001 421 Antonio
1019 383 1173 422 consule
1190 383 1378 432 libertate,

263 439 413 477 Urbem
444 436 612 487 reliquit,
643 437 683 474 in
718 437 907 475 Graeciam
928 437 1066 485 iturus,
1091 438 1137 476 ea
1165 444 1308 486 mente,
1333 444 1379 476 ut

261 491 442 531 Calendis
460 490 552 528 Jan.
574 503 651 541 quo
674 490 735 528 die
755 491 884 528 Pansa
911 498 948 529 et
966 491 1119 530 Hirtius
1137 491 1379 530 consulatum

258 545 391 584 inituri
409 551 529 591 erant,
550 544 707 583 adesset.
738 545 780 583 N
782 558 822 583 ec
837 553 966 584 tamen
984 545 1056 583 iter
1072 545 1172 583 illud
1190 545 1377 584 absolvit.
1366 559 1377 569 ·

259 613 352 638 nam
386 599 634 649 Leucopetrae
661 597 816 637 adversa
852 606 1076 651 tempestate
1107 599 1295 661 detentus,
1330 602 1381 638 ab

262 654 323 702 iis,
345 654 413 706 qm
431 654 479 691 ab
499 653 607 690 Urbe
626 661 818 701 venerant,
839 660 876 691 et
895 653 1113 692 concionem
1132 654 1276 715 accepit
1293 654 1382 693 An-

262 708 372 755 tonii,
394 719 512 759 quam
532 706 642 745 valde
663 682 852 758 probavit,
874 716 911 746 et
929 720 973 746 ea
991 707 1180 770 cognovit,
1199 707 1303 746 unde
1321 721 1381 747 re-

261 761 432 801 vertendi
462 761 663 799 consilium
689 761 798 813 cepit.
830 761 923 800 Post
944 762 1209 810 reversionem,
1241 762 1289 800 de
1317 762 1381 801 via

260 817 461 867 languens,
480 815 521 852 in
541 822 730 864 senatum,
752 816 820 868 qui
843 816 1022 854 Calendis
1039 817 1143 868 Sept.
1163 823 1209 854 ut
1225 816 1266 854 in
1286 817 1381 855 Phi-

258 870 402 923 lippica
431 869 472 907 V
500 869 653 920 legitur,
692 869 733 907 in
773 870 854 908 aede
893 870 1115 909 Concordiae
1149 871 1376 920 habebatur,

255 937 334 964 non
353 923 468 962 venit.
499 924 590 971 Quo
609 924 772 974 graviter
790 932 1004 963 commotus
1018 924 1229 973 Antonius,
1249 925 1377 964 fabros

256 992 296 1017 se
321 979 545 1026 missurum,
580 985 617 1015 et
645 978 805 1016 domum
843 980 924 1028 ejus
956 979 1274 1027 disturbaturum,
1306 992 1376 1018 au-

254 1032 382 1071 diente
425 1039 572 1078 senatu,
603 1031 711 1070 dixit.
743 1033 946 1080 Postridie,
977 1033 1017 1071 id
1055 1041 1123 1081 eet,
1166 1033 1231 1072 IV
1264 1033 1371 1072 Non.

255 1087 359 1138 Sept.
390 1086 431 1124 in
462 1095 639 1124 senatum
669 1087 785 1135 venit,
818 1088 972 1125 absente
1000 1087 1201 1126 Antonio:
1232 1094 1270 1126 et
1301 1087 1374 1126 hac

255 1140 423 1179 oratione
441 1140 568 1191 prima
587 1141 762 1191 exposuit
780 1141 979 1180 eonsilium
998 1141 1239 1192 profectionis
1258 1149 1296 1180 et
1313 1154 1373 1180 re-

255 1195 436 1234 versionis
463 1207 564 1232 suae:
595 1195 731 1233 deinde
750 1203 905 1247 questus
924 1202 980 1233 est
998 1195 1162 1245 graviter
1179 1195 1227 1233 de
1243 1196 1373 1234 Anto-

254 1249 311 1286 nii
339 1248 515 1287 hesterna
539 1248 705 1298 injuria:
737 1256 821 1287 tum
847 1250 949 1301 leges
971 1249 1075 1287 iuius
1101 1250 1368 1301 reprehendit:

253 1310 444 1355 postremo
462 1310 672 1354 utrumque
691 1304 898 1352 consulem,
919 1305 1113 1342 absentem
1132 1303 1367 1353 Antonium,

253 1365 478 1409 praesentem
509 1356 767 1404 Dolabellam,
796 1361 929 1410 (quem
949 1357 1033 1405 sibi,
1054 1358 1290 1409 profecturus
1318 1358 1369 1397 ad

252 1411 399 1449 bellum
434 1411 671 1460 Parthicum,
705 1411 834 1450 Caesar
863 1412 1076 1459 suffecerat)
1105 1412 1292 1461 hortatur,
1323 1419 1370 1450 ut

252 1478 381 1504 veram
401 1465 639 1518 solidamque
665 1466 826 1517 gloriam
853 1473 1087 1518 sequantur3
1116 1466 1226 1518 diligi
1244 1479 1267 1504 a
1289 1466 1369 1505 suis

250 1519 395 1558 civibus
423 1519 574 1569 malint,
607 1533 725 1572 quam
757 1520 907 1568 metui3
946 1521 1224 1574 rempublicam
1260 1520 1366 1559 omni

248 1575 393 1615 ratione
410 1575 721 1628 complectantur.
