1509 2397
375 30 488 70 PRO
520 28 854 69 MARCELLO.
886 30 991 69 CAP.
1013 32 1049 68 2.
1200 33 1274 70 139

151 139 213 178 die
231 138 450 177 maximum
475 138 588 189 cepit,
616 150 706 176 cum
729 149 882 176 summo
904 150 1088 177 consensu
1109 143 1272 187 senatus,

150 200 237 231 tum
255 200 437 244 praeterea
452 192 598 243 judicio
617 199 684 229 tuo
695 191 920 242 gravissimo
939 199 977 230 et
995 192 1179 232 maximo.
1209 194 1275 232 Ex

150 259 228 298 quo
254 246 424 298 profecto
445 246 641 297 intellig-is,
666 251 811 297 quanta
832 245 873 283 in
899 245 988 283 dato
1015 247 1198 286 beneficio
1226 248 1275 287 sit

148 300 248 349 laus,
264 313 354 339 cum
372 300 413 338 in
433 308 586 351 accepto
604 307 710 340 tanta
729 299 776 337 sit
790 299 922 350 gloria.
951 299 1026 338 Est
1044 313 1132 338 vero
1151 301 1276 340 fortu-

148 362 261 392 natus
278 354 358 402 ille,
371 355 482 404 cujus
501 367 549 392 ex
564 354 685 392 salute
704 365 781 391 non
800 353 926 391 minor
944 365 1051 404 paene
1063 354 1115 393 ad
1127 367 1272 404 omnes,

148 421 268 460 quam
288 407 337 446 ad
355 408 485 469 ipsum
504 416 664 446 ventura
683 406 889 454 sit,1aetitia
902 407 1128 469 pervenerit.
1155 409 1274 456 Quod

149 462 186 500 ei
203 462 361 514 quidem
383 462 534 510 merim,
554 470 670 513 atque
689 461 835 512 optimo
855 462 957 510 jure,
970 461 1144 512 contigit.
1174 463 1274 511 Quis

149 515 254 554 enim
272 523 327 554 est
345 516 413 554 illo
432 524 499 554 aut
521 516 734 562 nobilitate,
759 521 826 552 aut
850 514 1052 578 probitate,
1077 523 1145 553 aut
1173 517 1273 568 opti-

149 581 303 608 marum
331 570 472 608 artium
499 570 638 618 studio,
667 576 734 607 aut
755 566 984 616 innocentia,
1014 576 1081 607 aut
1103 570 1185 609 ullo
1208 584 1274 622 ge..

148 635 239 662 nere
257 624 396 672 laudis,
411 625 672 676 praestantior.
663 626 680 651 ’θ

202 678 262 716 ΙΙ.
293 678 454 716 Nullius
469 685 622 716 tantum
637 684 694 715 est
710 676 885 715 flumen
874 677 1032 729 ingenii,
1052 678 1198 717 nullius
1216 678 1275 717 di-

146 732 258 770 cendi
276 738 345 771 aut
362 731 549 770 scribendi
573 738 679 769 tanta
699 730 769 779 vis,
794 738 901 769 tanta
920 731 1042 783 copia,
1071 745 1171 783 quae,
1193 745 1271 771 non

147 785 276 825 dicam
294 797 491 833 exornare,
505 784 571 824 sed
590 797 777 832 enarrare,
798 785 843 823 C.
859 785 1000 833 Caesar,
1016 799 1074 824 res
1090 794 1175 825 tuas
1189 801 1275 838 ges-

147 846 206 878 tas
231 839 361 891 possit.
391 839 544 878 Tamen
566 838 715 876 affirmo
741 841 796 881 (et
813 838 886 877 hoc
910 853 1003 890 pace
1025 840 1150 878 dicam
1170 842 1271 891 tua),

147 893 299 932 nullam
326 893 367 931 in
391 893 451 931 his
482 905 562 932 esse
590 892 745 931 laudem
770 893 1011 944 amphorem,
1032 907 1151 946 quam
1171 907 1271 943 eam,

145 961 265 1000 quam
288 946 473 986 hodierno
498 947 560 985 die
586 953 811 985 consecutus
834 960 884 985 es.
925 948 1035 986 Soleo
1055 961 1154 1000 saepe
1183 956 1273 988 ante

144 1002 274 1041 oculos
302 1014 457 1053 ponere,
483 1001 600 1053 idque
627 1000 789 1039 libenter
820 1001 960 1039 crebris
985 1015 1170 1054 usurpare
1195 1016 1271 1042 ser-

142 1056 338 1104 monibus,
359 1068 491 1094 omnes
510 1063 727 1094 nostrorum
745 1055 1032 1106 imperatorum,
1054 1069 1186 1095 omnes
1205 1071 1271 1096 ex-

142 1116 313 1149 terarum
344 1109 534 1162 gentium,
563 1108 991 1161 potentissimorumque
1020 1111 1269 1172 populorum,

145 1177 280 1203 omnes
298 1164 595 1204 clarissimorum
607 1176 757 1214 regum,
777 1176 836 1202 res
855 1171 992 1215 gestas,
1007 1177 1096 1202 cum
1114 1165 1190 1203 tuis
1202 1178 1271 1204 nec

147 1218 435 1258 contentionum
458 1217 738 1269 magnitudine,
759 1229 828 1256 nec
849 1230 1010 1256 numero
1032 1219 1269 1269 proeliorum,

147 1284 218 1312 nec
228 1272 408 1312 varietate
425 1272 642 1323 regionum,
655 1283 725 1310 nec
743 1271 932 1317 celeritate
950 1271 1187 1321 conficiendi,
1201 1285 1270 1312 nec

146 1326 460 1365 dissimilitudine
491 1326 696 1372 bellorum,
729 1337 841 1377 posse
869 1325 1054 1364 conferri:
1090 1339 1160 1365 nec
1182 1340 1270 1366 vero

146 1380 463 1431 disjunctissimas
482 1387 599 1418 terras
623 1379 734 1417 citius
751 1380 983 1430 cujusquam
1007 1380 1181 1430 passibus
1200 1394 1271 1433 po-

145 1434 262 1474 tuisse
279 1434 486 1496 peragrari,
503 1446 622 1486 quam
640 1432 732 1481 tuis,
751 1445 830 1471 non
848 1432 974 1471 dicam
993 1434 1180 1484 cursibus,
1205 1435 1270 1474 sed

145 1488 325 1537 victoriis,
341 1489 513 1527 lustratae
532 1488 619 1526 sint.

201 1543 303 1592 Quae
321 1542 480 1594 quidem
501 1555 570 1593 ego
588 1541 661 1580 nisi
679 1541 734 1580 ita
750 1554 904 1604 magna
911 1554 989 1581 esse
1007 1542 1140 1591 fatear,
1161 1550 1204 1581 ut
1224 1557 1268 1582 ea

144 1597 210 1636 vix
241 1598 472 1659 cujusquam
508 1609 618 1634 mens
654 1602 722 1634 aut
753 1596 930 1658 cogitatio
967 1610 1100 1648 capere
1136 1598 1268 1650 possit,

145 1664 279 1691 amens
297 1651 391 1690 sim:
423 1650 488 1689 sed.
506 1658 636 1689 tamen
656 1657 745 1689 sunt
756 1650 832 1689 alia
844 1651 1004 1700 majora
1034 1652 1141 1690 Nam
1159 1653 1271 1690 belli-

145 1719 209 1745 eas
238 1705 371 1744 laudes
401 1705 522 1743 solent
547 1704 707 1757 quidam
733 1711 938 1749 extenuare
960 1705 1098 1753 verbis,
1130 1719 1269 1757 easque

145 1759 341 1799 detrahere
359 1759 534 1806 ducibus,
555 1758 836 1797 communicare
846 1771 936 1798 cum
950 1759 1097 1807 multis,
1113 1772 1162 1798 ne
1180 1773 1269 1811 pro-

144 1814 238 1866 priae
256 1813 332 1852 sint
349 1813 637 1865 imperatorum.
677 1812 732 1851 Et
749 1820 862 1859 certe,
888 1813 929 1852 in
948 1813 1078 1874 armis,
1098 1813 1270 1852 militum

145 1867 279 1917 virtus,
292 1868 464 1907 locorum
487 1866 764 1929 opportunitas,
789 1866 934 1906 auxilia
952 1867 1157 1928 sociorum,
1174 1868 1270 1906 clas-

144 1935 218 1971 ses,
250 1928 500 1969 commeatus,
533 1921 704 1959 multum
731 1922 896 1970 juvant·
937 1921 1151 1959 maximam
1183 1935 1271 1961 vero

145 1983 308 2028 partem,
338 1975 448 2028 quasi
472 1988 541 2014 suo
569 1977 670 2025 jure,
700 1975 874 2017 Fortuna
899 1975 971 2014 sibi
995 1974 1187 2020 vindicat;
1219 1983 1270 2022 et,

147 2029 339 2083 quidquid
360 2036 418 2069 est
437 2042 615 2082 prospere
636 2036 802 2081 gestum,
828 2027 870 2069 id
896 2041 1006 2081 paene
1028 2041 1142 2068 omne
1165 2005 1271 2069 ducit

149 2097 277 2123 suum.

144 2181 148 2185 Δ
195 2139 254 2177 At
280 2151 367 2178 vero
399 2137 518 2188 hujus
542 2138 688 2192 gloriae,
713 2138 758 2191 C.
784 2137 925 2189 Caesar,
950 2149 1070 2192 quam
1094 2151 1131 2177 es
1158 2141 1273 2192 paul.)
