1509 2397
287 49 402 89 PRO
422 50 621 89 RABIR.
644 49 934 89 POSTUMO.
965 47 1070 85 CAP.
1097 46 1157 89 17.
1206 44 1281 82 135

161 156 276 194 etiam
294 156 386 196 ferae
401 158 573 197 latibulis
588 172 626 197 se
641 166 786 210 tegant,
807 166 923 210 atque
941 155 1070 196 omnia
1084 153 1186 192 bella
1196 152 1285 202 jure

157 210 332 260 gentium
351 213 643 264 conquiescant3
666 221 756 250 sunt
771 226 815 250 ea
833 212 991 263 quidem
1009 221 1175 259 magna:
1198 205 1285 257 quis

161 272 276 315 negat
290 268 308 304 Ρ
336 266 402 304 sed
419 267 571 318 magnis
593 268 756 306 excitata
774 275 865 304 sunt
883 264 1050 318 praemiis
1070 262 1120 300 ad
1137 272 1286 299 memo-

161 318 259 356 riam
284 319 489 359 hominum
508 322 805 372 sempiternam3
837 334 914 372 quo
939 320 1068 357 minus
1092 315 1286 353 admiran-

160 371 254 434 dum
264 381 333 422 est,
347 387 438 413 eum
456 375 578 414 facere
591 376 673 424 illa,
690 375 757 428 qui
768 374 1095 413 immortalitatem
1108 368 1288 419 concupi-

160 435 268 466 vent.

213 481 333 521 XVI.
355 482 453 521 Haec
466 484 565 522 mira
574 485 659 523 laus
672 491 739 531 est,
748 498 835 535 quae
846 495 924 521 non
935 483 1137 534 poetarum
1150 475 1287 516 carmi-

159 535 288 584 nibus,
301 549 379 575 non
399 538 598 576 annalium
609 538 856 577 monimentis
872 538 1096 582 celebratur,
1113 532 1179 571 sed
1193 544 1287 583 pru-

161 589 338 629 dentium
353 591 498 640 judicio
511 593 763 644 expenditur:
786 592 954 645 equitem
968 592 1208 634 Romanum,
1222 598 1289 623 ve-

161 650 281 682 terem
297 645 465 683 amicum
477 660 606 694 suum,
621 647 851 690 studiosum,
866 653 1074 691 amantem,
1084 644 1288 682 observan-

161 705 241 736 tem
260 699 334 748 sui,
357 712 434 737 non
452 700 626 750 libidine,
646 714 724 739 non
743 701 920 752 turpibus
937 697 1121 750 impensis
1140 693 1289 746 cupidi-

161 759 288 790 tatum
307 762 423 805 atque
438 755 610 804 jacturis,
631 756 697 794 sed
717 755 951 806 experientia
969 750 1191 805 patrimonii
1205 761 1290 786 am·-

162 807 372 857 plificandi,
401 808 610 858 labentem,
641 810 789 860 excepit
806 823 817 854 ;
858 821 1031 847 corruere
1062 819 1141 844 non
1173 803 1287 849 sivit3

160 860 269 899 fulsit
288 869 324 900 et
343 862 523 901 sustinuit
541 877 596 911 re,
612 863 780 911 fortuna,
795 862 883 912 fide,
896 862 1087 912 hodieque
1102 858 1286 898 sustinet:

160 926 230 954 nec
249 915 419 954 amicum
442 917 673 968 pendentem
700 931 871 956 corruere
896 917 1064 968 patitur:
1096 927 1166 951 nec
1184 911 1290 949 illius

159 970 280 1008 animi
305 970 426 1008 aciem
455 971 675 1022 perstringit
701 971 880 1023 splendor
906 970 966 1009 sui
994 968 1188 1012 nominis;
1220 978 1290 1004 nec

161 1023 302 1063 mentis
338 1025 449 1076 quasi
479 1025 694 1065 luminibus
720 1025 837 1065 officit
866 1024 1029 1064 altitudo
1059 1023 1225 1061 fortunae
1254 1027 1292 1060 et

164 1078 310 1130 gloriae.

217 1132 304 1171 Sint
331 1145 422 1172 sane
445 1132 514 1172 illa
540 1146 696 1184 magna,
722 1148 811 1186 quae
832 1148 874 1173 re
891 1133 982 1173 vera
1011 1144 1154 1183 magna
1186 1135 1290 1168 sunt.

161 1186 226 1226 De
240 1186 386 1236 judicio
404 1187 525 1226 animi
542 1189 634 1237 mei,
648 1196 693 1227 ut
711 1190 826 1236 volet,
846 1189 1009 1240 quisque
1028 1186 1189 1225 sentiat:
1221 1195 1292 1234 ego

163 1241 268 1280 enim
286 1241 400 1290 hanc,
427 1242 469 1280 in
494 1242 609 1281 tantis
631 1243 783 1295 opibus,
804 1243 912 1281 tanta
933 1240 1103 1288 fortuna,
1122 1237 1292 1277 liberali-

161 1303 281 1333 tatem
292 1294 333 1332 in
348 1309 449 1343 suos,
461 1297 690 1335 memoriam
709 1297 898 1342 amicitiae,
915 1295 1070 1347 reliquis
1085 1291 1291 1333 virtutibus

163 1348 344 1388 omnibus
367 1357 570 1401 antepono.
607 1351 737 1398 Quam
770 1351 928 1403 quidem
954 1362 1035 1397 vos,
1061 1347 1225 1398 judices,
1249 1345 1290 1382 in

163 1415 262 1442 novo
276 1416 414 1455 genere
423 1405 650 1453 bonitatem,
663 1405 886 1443 inusitatam
900 1403 1010 1442 claris
1021 1415 1064 1441 ac
1077 1408 1292 1454 praepoten-

164 1457 268 1496 tibus
287 1457 391 1505 viris,
407 1471 486 1497 non
504 1458 620 1497 modo
639 1471 716 1497 non
737 1458 955 1510 adspernari
971 1470 1015 1495 ac
1033 1457 1212 1503 refutare,
1226 1453 1292 1492 sed

164 1512 367 1563 complecti
381 1512 497 1551 etiam
512 1520 549 1551 et
560 1527 714 1564 augere,
729 1513 899 1558 debetis3
921 1519 958 1550 et
977 1524 1020 1549 eo
1033 1510 1170 1561 magis,
1187 1507 1293 1560 quod

163 1565 314 1615 videtis,
334 1566 404 1605 hos
416 1567 527 1618 quasi
541 1575 687 1606 sumtos
701 1567 780 1606 dies
794 1567 844 1619 ad
857 1565 1168 1605 labefactandum
1187 1562 1292 1601 illius

163 1619 417 1672 dignitatem:
439 1634 487 1660 ex
502 1621 581 1673 qua
591 1621 650 1659 illi
662 1621 759 1659 nihil
773 1620 921 1660 detrahi
939 1627 1076 1671 potest,
1093 1617 1198 1670 quod
1212 1628 1290 1655 non

164 1682 233 1713 aut
249 1674 396 1713 fortiter
417 1675 528 1723 ferat,
555 1683 623 1714 aut
649 1675 759 1714 facile
777 1675 965 1714 restituat.
995 1671 1293 1712 Amicissimum

163 1728 362 1768 hominem
389 1729 420 1768 si
444 1729 642 1768 honestate
665 1730 871 1781 spoliatum
894 1728 1085 1772 audierim
1115 1739 1185 1764 nec
1210 1725 1292 1763 sine

163 1795 306 1834 magno
324 1782 453 1821 dolore
471 1784 580 1833 feret,
600 1797 670 1823 nec
687 1783 728 1822 id
747 1784 929 1831 amiserit,
951 1781 1056 1835 quod
1079 1793 1188 1833 posse
1206 1792 1293 1831 spe-

165 1843 223 1875 ret
240 1837 466 1889 recuperari.

220 1891 319 1929 Satis
343 1892 469 1930 multa
496 1891 718 1931 hominibus
745 1904 823 1930 non
848 1890 991 1942 iniquis
1012 1890 1097 1928 haec
1121 1900 1200 1926 esse
1227 1886 1294 1925 de-

165 1946 283 1990 bent3
311 1945 426 1984 nimis
444 1945 560 1984 etiam
580 1946 704 1985 multa
717 1947 838 1995 vobis,
855 1957 952 1998 quos
967 1942 1202 1996 aequissimos
1215 1953 1294 1980 esse

165 1998 406 2038 confidimus.

218 2052 363 2092 XVII.
393 2053 483 2101 Sed,
496 2061 542 2092 ut
555 2054 730 2093 omnium
744 2054 806 2092 vel
817 2052 1036 2105 suspicioni,
1049 2051 1108 2090 vel
1124 2050 1293 2088 malevo-

164 2105 304 2155 lentiae,
329 2108 390 2146 vel
408 2108 635 2155 crudelitati,
663 2109 754 2147 satis
776 2108 869 2146 fiat:
902 2107 1067 2146 occultat
1084 2103 1290 2156 pecuniam

167 2159 401 2207 Postumus;
429 2162 551 2201 latent
567 2163 680 2213 regiae
698 2162 852 2201 divitiae.
883 2161 1028 2213 Ecquis
1047 2166 1103 2198 est
1121 2171 1170 2197 ex
1185 2163 1291 2196 tanto

164 2213 320 2266 populo,
340 2215 409 2267 qui
426 2217 528 2256 bona
548 2216 593 2256 C.
611 2217 760 2256 Rabirii
779 2215 956 2255 Postumi
974 2225 1136 2253 munmo
1156 2218 1290 2252 sester-
