1509 2397
362 83 702 124 PHILIPPICA
731 83 809 124 V1.
836 83 945 124 CAP.
974 83 1014 122 3.
1167 82 1245 123 291

128 193 231 232 ciam
249 191 354 244 apud
378 205 456 231 vos.
486 192 701 240 Testificor,
727 191 926 239 denuntio,
956 199 1047 230 ante
1069 190 1249 244 praedico,

131 247 230 289 nihil
259 247 321 285 M.
342 246 562 285 Antonium
587 259 734 293 eorum,
761 260 850 298 quae
878 253 968 285 sunt
988 246 1123 297 legatis
1141 258 1253 284 man-

131 301 236 349 data,
271 301 463 339 facturum
479 315 490 338 2
521 308 760 339 vastaturum
789 313 924 351 agr0s3
956 300 1156 338 Mutinam
1184 301 1253 338 ob-

131 367 355 401 sessurum3
384 354 566 402 delectus,
597 355 676 406 qua
703 354 834 406 possit,
861 355 1097 392 habiturum.
1126 354 1168 391 Is
1197 360 1255 392 est

132 409 238 447 enim
257 409 336 456 ille,
358 409 426 460 qui
444 421 593 459 semper
612 412 762 447 senatus
785 408 978 458 judicium
992 416 1034 446 et
1053 408 1258 446 auctorita-

132 470 227 511 tem,
241 476 390 515 semper
405 463 641 501 voluntatem
654 470 818 502 vestram
832 469 1149 514 potestatemque,
1165 473 1255 499 con-

132 517 312 555 temserit.
342 517 411 555 An
429 517 496 555 ille
509 517 550 554 id
567 517 694 563 faciat,
711 517 816 569 quod
829 518 946 568 paulo
957 524 1045 554 ante
1058 516 1254 554 decretum

129 579 202 619 est,
222 579 274 609 ut
286 571 494 609 exercitum
525 571 618 609 citra
636 572 782 609 flumen
801 570 1043 610 Rubiconem
1063 569 1149 621 (qui
1168 569 1257 607 finis

128 632 189 663 est
202 625 356 673 Galliae)
373 625 560 673 educeret,
582 625 677 663 dum
695 638 751 663 ne*
761 625 919 676 propius
933 626 1070 663 urbem
1084 625 1255 661 Romam

133 679 203 718 CC
218 679 315 717 mill.
328 679 546 717 admoveret
561 682 579 718 Ρ
608 679 699 717 huic
712 679 992 717 denuntiationi
1005 679 1070 716 ille
1088 686 1221 729 pareat
1235 679 1253 716 ἓ

133 732 200 771 ille
215 747 254 771 se
272 733 388 771 fluvio
409 733 610 771 Rubicone
625 733 705 772 CC.
719 733 816 770 mill.
837 732 1164 783 circumscriptum
1177 745 1258 770 esse

130 787 328 840 patiatur?
360 788 452 825 Non
474 788 506 825 is
537 795 593 825 est
617 787 814 825 Antonius
832 802 843 824 ε
872 799 979 833 nam,
1001 787 1031 824 si
1050 793 1160 832 esset,
1181 798 1260 824 non

133 841 398 887 commisisset,
427 848 472 878 ut
490 840 525 879 ei
543 849 709 888 senatus,
732 848 932 892 tamquam
952 840 1168 878 Hannibali
1197 840 1258 878 in-

134 895 204 933 itio
223 896 315 934 belli
333 895 485 943 Punici,
509 894 765 941 denuntiaret,
790 907 838 933 ne
856 902 1096 946 oppugnaret
1106 895 1261 945 Sagun-

133 957 234 988 tum.
265 949 383 1006 Quod
401 962 488 987 vero
503 949 558 987 ita
571 958 750 987 avocatur
768 962 791 987 a
806 949 980 996 Mutina,
1000 956 1045 986 ut
1064 950 1112 987 ab
1134 949 1256 995 Urbe,

132 1003 335 1065 tamquam
367 1003 545 1054 pestifera
577 1003 749 1051 flamma,
781 1011 966 1052 arceatur,
994 1016 1114 1054 quam
1142 1003 1262 1041 habet

135 1057 415 1109 ignominiam!
447 1057 551 1109 quod
569 1057 763 1107 judicium
794 1058 971 1096 senatus!
1003 1057 1126 1105 Quid,
1154 1056 1261 1108 quod

135 1125 161 1150 a
178 1120 311 1150 senatu
330 1112 471 1149 dantur
489 1112 671 1149 mandata
688 1111 837 1162 legatis,
858 1120 904 1150 ut
923 1112 975 1149 D.
997 1112 1167 1149 Brutum
1187 1111 1264 1148 mi-

133 1166 298 1218 litesque
328 1167 410 1215 ejus
432 1166 614 1213 adeant,
604 1165 728 1217 iisque
746 1166 1020 1213 demonstrent,
1042 1178 1196 1203 summa
1219 1164 1262 1202 in

136 1220 416 1271 rempublicam
443 1220 579 1258 merita
605 1220 865 1281 beneficiaque
893 1232 1027 1258 eorum
1051 1227 1160 1270 grata
1183 1231 1262 1257 esse

132 1275 286 1312 senatui
304 1274 523 1325 populoque
543 1274 749 1319 Romano;
778 1274 902 1325 iisque
917 1287 1002 1311 eam
1015 1286 1095 1311 rem
1108 1285 1262 1323 magnae

137 1328 246 1366 laudi
277 1341 496 1379 magnoque
522 1328 657 1365 honori
683 1328 796 1366 fore?
828 1329 1088 1366 Passurumne
1106 1327 1265 1365 censetis

138 1382 374 1430 Antonium,
409 1381 564 1420 introire
594 1381 794 1419 Mutinam
826 1382 970 1432 legatos
986 1384 1002 1420 ἓ
1033 1381 1136 1419 exire
1172 1380 1263 1419 inde

139 1444 224 1475 tuto
237 1436 255 1472 ’ἓ
286 1437 504 1487 Nunquam
529 1436 709 1487 patietur,
740 1436 838 1474 mihi
869 1435 1031 1474 credite:
1062 1435 1153 1473 novi
1181 1435 1263 1473 vio-

138 1491 315 1539 lentiam,
335 1491 424 1529 novi
443 1490 739 1541 impudentiam,
760 1490 849 1528 novi
868 1490 1080 1528 audaciam.

196 1546 235 1584 N
240 1559 281 1584 ec
299 1558 387 1583 vero
405 1545 453 1583 de
470 1545 551 1590 illo,
566 1545 662 1582 sicut
674 1544 721 1582 de
733 1544 888 1582 homine
904 1544 1051 1595 aliquo,
1064 1543 1263 1591 debemus,

140 1599 210 1638 sed
227 1599 330 1638 utde
348 1599 677 1650 importunissima
691 1599 835 1647 bellua,
851 1598 1027 1649 cogitare.
1058 1598 1160 1645 Quae
1171 1610 1264 1636 cum

140 1654 196 1694 ita
213 1653 306 1701 sint,
326 1666 404 1692 non
436 1653 593 1691 omnino
621 1652 851 1690 dissolutum
883 1660 951 1699 est,
976 1652 1081 1703 quod
1099 1651 1264 1690 decrevit

141 1715 308 1748 senatus.
347 1708 480 1746 Habet
510 1707 714 1745 atrocitatis
743 1706 891 1759 aliquid
919 1706 1083 1757 legatio:
1115 1706 1267 1744 utinam

143 1763 240 1802 nihil
260 1763 417 1801 haberet
442 1761 584 1800 morae!
616 1762 738 1809 Nam,
764 1774 854 1799 cum
877 1761 1071 1812 plerisque
1092 1760 1133 1798 in
1152 1762 1265 1798 rebus

141 1817 318 1869 gerendis
348 1816 507 1855 tarditas
534 1823 572 1853 et
598 1815 885 1866 procrastinatio
909 1814 1040 1853 odiosa
1067 1822 1151 1861 θεῖς
1182 1822 1269 1852 tum

144 1872 219 1910 hoc
236 1871 383 1909 bellum
402 1870 550 1922 indiget
567 1870 779 1908 celeritatis.
809 1868 1118 1908 Succurrendum
1138 1876 1193 1906 est
1209 1868 1266 1906 D.

146 1925 272 1965 Bruto
288 1939 298 1962 ε
329 1937 462 1963 omnes
485 1923 656 1974 undique
686 1924 803 1975 copiae
825 1923 1079 1974 colligendae:
1113 1921 1268 1971 [horam

147 1979 315 2017 eximere
340 1979 527 2031 nullam‚]
548 1978 590 2015 in
616 1978 686 2016 tali
703 1978 784 2017 cive
801 1977 1012 2026 liberando,
1035 1977 1116 2015 sine
1134 1976 1271 2014 scelere

149 2044 229 2071 non
246 2045 464 2084 possumus.

199 2087 269 2126 An
286 2087 352 2125 ille
365 2099 442 2125 non
454 2086 593 2138 potuit,
608 2085 640 2124 si
657 2086 879 2125 Antonium
898 2085 1109 2132 consulem,
1123 2082 1155 2122 si
1169 2083 1267 2122 Gal-

141 2140 240 2179 liam
251 2140 416 2179 Antonii
428 2141 664 2193 provinciam
676 2140 895 2190 judicasset,
910 2140 1078 2190 legiones
1092 2137 1268 2177 Antonio

144 2201 183 2232 et
197 2194 433 2246 provinciam
445 2195 592 2233 tradere
604 2197 622 2234 P
642 2194 805 2233 domum
818 2194 971 2233 redire?
990 2192 1268 2245 triumphare?
