1509 2397
488 550 559 598 IN
595 549 666 596 M.
697 548 1065 597 ANTONIUM

506 671 735 722 Philippica
757 670 1073 716 Quartaclecima.

286 779 320 818 Ι.
350 779 414 827 Sl,
434 786 492 827 ut,
513 792 561 818 ex
578 778 698 818 literis
713 792 801 831 quae
819 778 986 818 recitatae
1003 785 1109 825 sunt,
1129 782 1256 829 patres
1267 787 1359 814 con-

229 833 374 886 scripti,
399 833 776 872 sceleratissimorum
795 833 966 872 hostium
985 833 1196 871 exercitum
1215 842 1358 869 caesum

229 888 440 940 fusumque
460 888 647 940 cognovi3
678 887 732 926 sic
751 887 823 936 (id,
851 887 957 940 quod
979 894 1017 926 et
1034 899 1169 925 omnes
1186 884 1360 923 maxime

230 950 425 995 optamuS‚
446 949 497 988 et,
519 955 567 981 ex
586 942 632 980 εἴα
650 942 810 981 victoria
835 955 924 994 quae
948 948 1061 993 parta
1078 949 1151 988 est,
1181 951 1361 978 consecu-

231 1004 318 1035 tum
337 996 585 1045 arbitramur)
606 996 659 1035 D.
681 997 853 1034 Brutum
878 1008 1071 1047 egressum
1094 996 1178 1045 jam
1198 992 1361 1032 Mutina

231 1064 312 1089 esse
331 1051 618 1102 cognovissem;
648 1058 804 1103 propter
822 1051 932 1100 cujus
959 1049 1177 1102 periculum
1203 1047 1253 1086 ad
1271 1059 1364 1098 saga

233 1105 413 1153 issemus,
451 1112 605 1157 propter
635 1104 808 1155 ejusdem
841 1104 1006 1143 salutem
1037 1102 1280 1142 redeundum
1313 1100 1364 1139 ad

232 1159 440 1211 pristinum
463 1159 644 1198 vestitum
675 1159 756 1198 sine
780 1159 864 1197 ulla
892 1158 1132 1197 dubitatione
1157 1168 1363 1195 censerem.

233 1213 342 1252 Ante
361 1226 464 1261 vero,
485 1226 605 1265 quam
625 1226 670 1252 ea
688 1226 760 1261 res,
781 1225 902 1265 quam
920 1212 1138 1251 avidissime
1151 1211 1283 1250 civitas
1297 1222 1366 1248 ex-

235 1274 393 1319 spectat,
407 1267 524 1307 allata
538 1268 602 1313 sit,
622 1267 766 1306 laetitiae
784 1280 877 1306 usus
896 1267 987 1305 satis
1007 1274 1063 1306 est
1073 1265 1258 1305 maximae
1267 1277 1367 1316 prae·

234 1321 531 1374 clarissimaeque
549 1335 693 1373 pugnae
707 1336 718 1359 ι
745 1321 914 1360 reditum
928 1320 978 1359 ad
989 1321 1172 1360 vestitum
1186 1319 1369 1359 confectae

234 1376 402 1415 victoriae
419 1383 619 1415 reservate.
640 1375 838 1416 Confectio
855 1382 988 1414 autem
1004 1374 1126 1427 hujus
1138 1373 1232 1414 belli
1244 1379 1301 1412 est
1312 1371 1368 1411 D.

237 1431 353 1470 Bruti
372 1430 487 1469 salus.

291 1486 394 1534 Quae
423 1492 555 1524 autem
587 1492 644 1524 est
672 1484 745 1524 ista
773 1483 975 1533 sententia,
1001 1490 1046 1522 ut
1071 1483 1114 1522 in
1136 1482 1371 1523 hodiernum

237 1540 342 1579 diem
356 1538 515 1580 vestitus
526 1547 714 1588 mutetur,
731 1538 870 1577 deinde
884 1552 965 1578 cras
978 1537 1100 1590 sagati
1110 1537 1370 1590 prodeamus?

238 1595 325 1633 Nos
344 1606 449 1641 vero,
469 1607 560 1632 cum
579 1595 698 1633 semel
717 1593 766 1632 ad
789 1606 896 1641 eum,
925 1605 1044 1645 quem
1063 1592 1243 1644 cupimus
1263 1599 1373 1644 opta-

237 1661 420 1701 musque,
442 1648 624 1687 vestitum
641 1648 882 1696 redierimus,
902 1647 944 1687 id
961 1659 1141 1699 agamus,
1162 1654 1208 1685 ut
1226 1659 1315 1685 eum
1331 1646 1374 1685 in

237 1710 471 1755 perpetuum
490 1702 734 1742 retineamus.
766 1703 874 1741 Nam
893 1702 967 1741 hoc
986 1700 1147 1754 quidem
1159 1714 1249 1740 cum
1262 1708 1375 1753 turpe

238 1765 310 1807 est,
329 1766 416 1796 tum
435 1769 484 1795 ne
503 1756 591 1796 Diis
617 1757 776 1810 quidem
806 1756 1094 1796 immortalibus
1120 1763 1294 1807 gratum,
1325 1756 1375 1794 ab

239 1825 375 1851 eorum
403 1811 492 1860 aris,
524 1811 574 1850 ad
604 1825 701 1864 quas
723 1811 845 1863 togati
870 1810 1094 1860 adierimus,
1123 1809 1174 1849 ad
1201 1808 1378 1863 saga[su-

238 1866 381 1905 menda
398 1865 600 1905 discedere.

293 1921 430 1972 Atque
462 1920 742 1969 animadverto,
772 1927 900 1973 patres
930 1918 1148 1971 conscripti,
1187 1917 1381 1972 quosdam

239 1975 331 2014 huic
350 1974 477 2014 favere
496 1975 718 2014 sententiae:
750 1988 919 2027 quorum
940 1987 986 2014 ea
1002 1985 1128 2022 mens,
1149 1973 1272 2026 idque
1289 1985 1382 2017 con-„-

240 2029 372 2068 silium
392 2036 463 2078 est,
481 2036 540 2077 ut,
560 2042 651 2069 cum
664 2029 833 2078 videant,
853 2028 1179 2081 gloriosissimum
1194 2028 1312 2066 illum
1324 2027 1379 2066 D.

240 2083 368 2122 Bruto
399 2083 580 2122 futurum
610 2084 728 2132 diem,
750 2097 829 2136 quo
849 2084 911 2123 die
930 2090 1088 2136 propter
1108 2083 1193 2133 ejus
1213 2082 1383 2121 salutem

239 2137 465 2177 redierimus
483 2138 534 2177 ad
551 2139 748 2187 vestitum,
767 2139 873 2178 hunc
891 2146 1045 2177 tantum
1064 2137 1099 2176 ei
1115 2137 1290 2177 fructum
1306 2135 1381 2176 eri-

241 2205 332 2244 pere
355 2192 526 2245 cupiant,
555 2206 605 2232 ne
632 2193 828 2233 memoriae
858 2192 1151 2246 posteritatique
1176 2191 1381 2246 prodatur,

239 2255 395 2299 propter
420 2247 536 2287 unius
564 2247 656 2287 civis
684 2248 898 2300 periculum
928 2246 1120 2300 populum
1146 2247 1375 2286 Romanum
