1509 2397
488 464 718 505 ORATIO
748 463 883 504 XLV.

620 601 733 610 .-

384 706 456 754 IN
489 706 560 754 M.
601 705 963 754 ANTONIUM

471 847 700 897 Philippica
736 847 883 884 Tertia.

588 972 773 1011 -φ-

461 1102 906 1142 ARGUMENTUI.

122 1223 243 1262 Pos'r
280 1223 442 1262 Caesaris
470 1236 616 1273 necem,
651 1225 815 1264 decrevit
847 1232 1000 1264 senatus
1032 1223 1248 1262 consulares

122 1278 351 1329 provincias,
365 1279 539 1317 Antonio
552 1279 839 1327 Macedoniam,
851 1279 1066 1318 Dolabellae
1081 1277 1246 1329 Syriam.

123 1331 200 1370 Sed
208 1332 420 1379 Antonius,
431 1333 666 1371 occasionem
681 1347 854 1385 quaerens
869 1333 1086 1385 reipublicae
1098 1339 1249 1383 pertur-

119 1385 271 1433 bandae,
305 1386 476 1424 Galliam
509 1387 721 1426 citeriorem
752 1387 823 1425 sibi
853 1387 1029 1426 mandari
1057 1386 1246 1437 cupiebat,

121 1439 241 1487 Quod
261 1453 349 1479 cum
369 1453 392 1478 a
410 1448 543 1479 senatu
563 1454 640 1479 non
660 1443 881 1494 impetraret
898 1441 983 1493 (qui
997 1453 1081 1479 eam
1094 1439 1249 1492 provin-

120 1494 219 1532 ciam
240 1494 403 1533 Decimo
422 1495 561 1543 Bruto,
585 1497 667 1545 jam
694 1505 805 1535 antea
824 1498 872 1534 ab
901 1497 985 1548 ipso
1013 1495 1161 1533 Caesare
1180 1494 1249 1532 da-

119 1555 216 1595 tam,
237 1556 324 1600 post
343 1550 425 1598 ejus
437 1549 651 1597 interitum,
668 1551 989 1597 confimiaverat),
1006 1549 1096 1587 tulit
1113 1547 1163 1586 ad
1180 1561 1252 1599 po-

121 1602 276 1654 pulum,
302 1610 338 1641 et
366 1603 546 1651 obtinuit,
571 1612 616 1642 ut
644 1605 853 1643 citeriorem
879 1605 1050 1643 Galliam
1077 1609 1248 1654 regeret:

120 1656 224 1694 unde
243 1671 282 1696 se
301 1670 391 1695 cum
417 1658 584 1696 exercitu
611 1658 660 1697 ad
679 1660 842 1707 Urbem,
871 1659 1031 1698 Caesaris
1055 1657 1248 1708 exemplo,

120 1710 232 1749 facile
259 1720 466 1750 venturum
499 1715 686 1764 sperabat.
728 1714 835 1751 Nam
863 1712 1110 1758 Macedonia,
1148 1711 1252 1749 terra

121 1765 298 1817 marique
320 1766 524 1815 disjuncta,
546 1768 654 1806 novis
680 1768 846 1807 consiliis
872 1780 1012 1819 pamm
1034 1774 1253 1818 opportuna

117 1818 330 1858 videbatur.
362 1820 450 1859 Hac
463 1828 593 1859 mente
609 1822 866 1860 Brundisium
888 1822 958 1861 ivit
976 1835 1010 1859 a.
1027 1821 1064 1859 d.
1079 1820 1166 1859 VII
1189 1819 1250 1857 Id.

123 1872 315 1922 Octobris,
344 1875 536 1926 profectus
565 1877 718 1914 obviam
743 1877 959 1928 legionibus
990 1873 1252 1914 Macedoricis

121 1936 298 1979 quatuor,
320 1942 415 1980 quas
434 1929 506 1968 sibi
531 1931 730 1969 conciliare
754 1932 919 1982 pecunia
945 1931 1148 1982 cogitabat,
1170 1940 1253 1965 eas-

120 1994 196 2032 que
220 1982 270 2020 ad
297 1983 446 2022 Urbem
469 1984 671 2031 adducere,
693 1993 730 2023 et
756 1985 798 2022 in
824 1986 1032 2024 cervicibus
1060 1986 1251 2022 bonorum

121 2035 314 2075 collocare.
352 2037 598 2077 Redeuntem
623 2053 646 2077 a
671 2040 883 2079 Brundisio
901 2039 1122 2077 Antonium
1148 2036 1250 2086 legio

122 2088 270 2128 Martia
287 2091 453 2144 reliquit.
487 2093 575 2141 Ille,
597 2093 720 2132 tribus
738 2094 953 2145 legionibus
971 2092 1115 2131 Tiburi
1133 2091 1251 2129 collo-

119 2142 227 2192 catis,
246 2145 396 2184 Urbem
415 2153 470 2186 est
488 2146 706 2198 ingressus:
727 2156 864 2187 vocato
882 2148 923 2186 in
936 2147 1182 2207 Capitolium
1192 2157 1250 2182 se-

120 2203 230 2240 natu.
250 2210 339 2238 cum
358 2200 405 2238 de
423 2201 638 2241 abalienata
657 2202 806 2253 legione
820 2203 972 2254 quarta,
994 2210 1032 2240 et
1046 2199 1251 2240 Octaviani

173 2251 328 2301 (Orat.)
354 2265 382 2292 1
389 2265 547 2293 ο1.11.
954 2268 985 2294 Y
