1509 2397
233 130 312 167 ‘204
477 127 814 167 PHILIPPICA
844 127 902 166 II.
933 127 1038 167 CAP.
1062 129 1101 166 8.

232 247 373 274 nomen
400 248 477 274 non
502 236 637 275 dedit?
666 248 904 287 quamquam
925 248 995 274 nec
1014 235 1145 274 scribae
1162 234 1345 285 sufficere,

234 301 304 327 nec
331 291 474 328 tabulae
491 290 647 328 nomina
668 291 823 328 illorum
847 303 993 340 capere,
1018 296 1236 340 potuerunt.
1272 288 1347 327 Et-

235 343 352 390 enim,
373 357 461 382 cum
480 344 653 382 homines
665 344 799 381 nefarii
811 344 857 381 de
868 343 1001 394 patriae
1011 343 1210 394 parricidio
1229 344 1349 382 confi-

234 403 403 435 terentur
423 399 673 441 (consciorum
696 397 856 443 indiciis,
882 397 951 435 sua
973 409 1108 444 mann,
1128 410 1218 435 voce
1240 409 1351 448 paene

233 451 430 489 literarum
450 452 597 498 coacti),
626 464 663 489 se
685 452 834 489 Urbem
851 450 1104 498 inflammare,
1124 450 1222 489 cives
1236 451 1353 489 truci-

236 504 339 552 dare,
360 513 505 543 vastare
532 505 700 551 Italiam,
729 504 852 542 delere
876 505 1166 556 rempublicam,
1194 516 1352 542 eonsen-

237 558 351 603 sisse3
383 559 468 610 quis
495 567 601 605 esset,
623 559 690 610 qui
709 558 758 596 ad
776 559 938 596 salutem
956 571 1201 596 communem
1221 557 1352 596 defen-

237 611 402 650 dendam
421 625 496 650 non
517 613 741 650 excitaretur
756 615 773 650 Ρ
799 612 1007 664 praesertim
1019 625 1108 651 eum
1120 618 1271 650 senatus
1284 624 1355 663 po-

238 666 429 717 pulusque
445 668 646 704 Romanus
658 667 814 704 haberet
825 666 976 714 ducem,
991 667 1115 718 qualis
1129 666 1160 704 si
1171 666 1239 717 qui
1248 678 1354 705 nunc

240 727 348 767 esset,
378 720 447 758 tibi
473 720 589 768 idem,
617 720 720 771 quod.
746 720 821 758 illis
847 720 994 765 accidit,
1021 720 1247 771 contigisset.
1285 719 1356 758 Ad

241 774 478 824 sepulturam
497 788 632 825 corpus
651 774 772 811 vitrici
784 774 842 811 sui
857 782 971 825 negat
982 788 1004 812 a
1017 787 1080 812 me
1094 774 1240 811 datum.
1270 773 1359 812 Hoc

243 840 330 865 vero
357 840 404 865 ne
430 828 476 865 P.
509 828 664 879 quidem
691 828 848 865 Clodius
872 828 970 866 dixit
997 840 1194 879 unquam:
1225 840 1357 879 quem,

245 881 338 932 quia
351 883 437 930 jure
456 882 491 919 ei
507 882 565 919 fui
583 881 774 928 inimicus,
796 882 903 920 doleo
923 896 945 920 a
963 890 1000 920 te
1014 883 1097 932 jam
1111 881 1290 920 omnibus
1303 882 1361 920 vi-

245 935 308 973 tiis
328 949 406 973 esse
419 943 650 987 superatum.
682 936 763 983 Qui
779 943 907 973 autem
919 936 990 974 tibi
1003 935 1107 973 venit
1120 936 1160 973 in
1175 942 1360 982 mentem,

246 1002 287 1027 re
316 989 416 1027 ‘vere
434 990 475 1027 in
493 990 717 1028 memoriam
737 998 920 1038 nostram,
948 998 985 1028 te
1013 989 1118 1027 domi
1137 990 1183 1027 P.
1205 989 1365 1027 Lentuli

248 1056 327 1081 esse
346 1044 549 1082 educatum
564 1046 581 1082 Ρ
611 1044 679 1081 An
694 1046 883 1091 verebare,
900 1057 948 1082 ne
966 1055 1042 1081 non
1057 1051 1279 1094 putaremus
1296 1056 1366 1081 na-

248 1097 337 1134 tura
358 1106 394 1136 te
419 1098 586 1148 potuisse
610 1105 690 1135 tam
714 1098 935 1149 improbum
960 1097 1130 1147 evadere,
1150 1097 1224 1134 nisi
1246 1110 1368 1136 acces-

250 1150 358 1189 sisset
377 1152 491 1189 etiam
510 1152 710 1202 disciplina
725 1154 741 1189 ἓ

306 1205 430 1243 VIII.
453 1205 555 1243 Tam
571 1213 700 1243 autem
713 1218 794 1243 eras
809 1218 952 1253 excors,
967 1212 1025 1252 ut,
1041 1203 1119 1243 tota
1132 1204 1174 1242 in
1187 1205 1368 1254 oratione,

251 1266 380 1296 tecum
407 1259 488 1310 ipse
509 1272 724 1310 pugnares;
754 1268 799 1296 ut
823 1272 900 1297 non
919 1259 1034 1297 modo
1052 1271 1129 1297 non
1148 1259 1373 1298 cohaerentia

253 1312 352 1351 inter
372 1326 410 1351 se
429 1313 582 1361 diceres,
605 1312 669 1351 sed
694 1313 864 1351 maxime
885 1313 1074 1363 disjuncta
1091 1320 1207 1365 atque
1225 1321 1374 1352 eontra-

254 1367 337 1413 ria3
366 1373 411 1405 ut
436 1379 512 1404 non
538 1375 645 1405 tanta
669 1380 837 1416 mecum,
859 1377 1001 1419 quanta
1025 1375 1167 1415 tecum,
1187 1367 1257 1405 tibi
1278 1375 1374 1406 esset

255 1421 468 1459 contentio.
459 1423 476 1448 ⁹
506 1421 700 1459 Vitrieum
714 1429 827 1459 tuum
845 1421 886 1458 in
905 1428 1010 1459 tanto
1028 1421 1144 1459 fuisse
1163 1422 1298 1460 scelere
1315 1421 1374 1459 fa-

256 1476 409 1521 tebare3
439 1488 552 1526 poena
572 1475 750 1513 affectum
769 1477 986 1527 querebare.
1017 1475 1093 1522 Ita,
1109 1475 1212 1527 quod
1223 1475 1375 1527 proprie

256 1541 391 1566 meum
409 1536 478 1577 est,
504 1529 693 1567 laudasti:
725 1529 830 1580 quod
847 1536 972 1567 totum
992 1532 1141 1567 senatsis
1161 1536 1230 1577 est,
1250 1542 1376 1580 repre-

257 1582 447 1620 hendisti:
469 1596 559 1621 nam
573 1583 856 1634 comprehensio
870 1584 1052 1631 sontium,
1067 1596 1154 1621 mea
1169 1596 1181 1629 3
1202 1582 1376 1621 animad-

258 1636 394 1683 versio,
426 1640 576 1676 senatfis
607 1637 693 1675 fuit.
734 1637 866 1675 Homo
889 1637 1050 1675 disertus
1079 1649 1157 1674 non
1180 1636 1374 1688 intelligit,

263 1703 368 1737 eum,
389 1704 506 1741 quem
517 1699 648 1730 contra
659 1691 764 1740 dicit,
775 1691 924 1730 laudari
942 1704 965 1729 a
979 1703 1040 1737 se3
1070 1703 1146 1739 eos,
1162 1690 1266 1742 apud
1280 1704 1378 1742 quos

262 1744 369 1792 dicit,
389 1744 607 1796 vituperari.

316 1797 347 1835 J
348 1811 412 1836 am
430 1798 528 1836 illud
540 1800 650 1849 cujus
662 1806 731 1847 est,
745 1812 822 1838 non
841 1800 925 1839 dico
943 1799 1124 1846 audaciae,
1141 1799 1264 1850 (cupit
1276 1798 1382 1838 enim

263 1865 302 1891 se
330 1851 512 1890 audacem
539 1853 630 1900 dici)
654 1854 719 1891 sed
745 1854 866 1905 (quod
892 1854 1053 1891 minime
1069 1853 1170 1900 vult)
1197 1853 1382 1902 stultitiae,

265 1906 345 1957 qua
362 1906 479 1944 vincit
497 1919 641 1955 omnes,
663 1907 750 1945 clivi
769 1908 977 1959 Capitolini
994 1908 1229 1946 mentionem
1246 1907 1382 1956 facere,

266 1973 357 1998 cum
371 1960 469 1998 inter
488 1961 666 1999 subsellia
680 1969 808 1999 nostra
826 1969 1021 2000 versentur
1040 1962 1207 1999 armati?
1237 1973 1325 1999 cum
1343 1961 1384 1998 in

268 2013 341 2052 hac
355 2013 450 2052 cella
468 2014 702 2062 Concordiae,
723 2021 763 2058 (o
782 2015 852 2053 Dii
870 2015 1104 2053 immortales
1116 2015 1146 2062 Ξ)
1165 2015 1206 2052 in
1221 2012 1311 2066 qua,
1321 2027 1385 2053 me

268 2068 438 2115 consule,
466 2069 648 2107 salutares
680 2070 874 2108 sententiae
903 2069 1013 2107 dictae
1037 2075 1140 2116 sunt,
1169 2068 1311 2120 quibus
1338 2068 1390 2106 ad

269 2120 369 2159 hanc
395 2122 498 2160 diem
524 2122 705 2171 viximus,
732 2136 822 2162 cum
853 2123 989 2175 gladiis
1014 2122 1188 2161 homines
1215 2122 1388 2161 collocati

271 2182 382 2213 stent.
411 2177 565 2215 Accusa
583 2184 784 2215 senatum:
814 2191 952 2216 accusa
969 2183 1182 2228 equestrem
1200 2175 1388 2223 ordinem,

272 2229 342 2280 qui
365 2236 450 2268 turn
481 2243 570 2270 cum
596 2238 728 2271 senatu
753 2232 953 2283 copulatus
971 2230 1069 2270 fuit:
1100 2243 1234 2270 accusa
1257 2241 1390 2270 omnes
