1509 2397
227 76 279 118 72
382 74 496 113 PRO
527 72 774 112 MILONE.
833 73 1180 112 ARGUMENT.

226 181 341 220 etiam
365 181 514 234 populi,
545 190 699 234 propter
723 181 861 220 effusas
889 181 1123 232 largitiones,
1153 181 1346 233 impensas

225 249 379 288 quoque
403 236 584 274 ludorum
614 235 847 274 scenicorum
866 249 910 274 ac
930 234 1147 286 gladiatorii
1173 235 1344 273 muneris

225 291 429 337 maximas,
465 289 506 327 in
536 303 630 340 quas
668 290 740 327 tria
775 289 1005 340 patrimonia
1040 288 1217 327 effudisse
1253 301 1344 326 eum

227 344 359 382 Cicero
382 343 588 394 significan
610 343 872 394 competitores
890 355 978 380 vcro
997 343 1079 392 ejus
1098 342 1247 380 trahere
1264 342 1344 380 vel-

224 398 331 442 lent;
360 398 520 448 ideoque
541 397 764 448 Pompeius,
784 409 899 446 gener
911 396 1112 447 Scipionis,
1129 403 1166 434 et
1183 396 1234 434 T.
1248 395 1346 433 Mu·-

226 451 369 499 natius,
388 451 564 489 tribunus
584 451 720 502 plebis,
740 450 869 488 referri
894 450 943 487 ad
967 458 1143 488 senatum
1161 449 1208 488 de
1226 449 1345 501 patri-

225 505 292 543 ciis
306 505 567 551 convocandis,
581 505 649 556 qui
660 505 886 555 interregem
898 504 1113 555 proderent,
1129 515 1207 542 non
1221 510 1345 542 essent

224 559 341 610 passi,
363 572 451 597 cum
471 559 696 609 interregem
714 558 871 609 prodere
888 557 1006 595 moris
1025 565 1143 596 esset:

281 613 334 650 A.
351 612 388 650 d.
405 612 518 650 XIII
541 612 622 650 Cal.
646 613 738 650 Feb.
761 611 1027 654 (Actaetenim
1045 611 1169 662 magis
1183 622 1346 663 sequen-

227 666 290 713 da,
318 674 354 704 et
383 667 506 717 ipsam
525 666 750 713 orationem,
779 678 866 716 quae
889 665 1001 703 Actis
1026 664 1215 716 congruit,
1234 672 1343 715 puto,

227 733 345 771 quam
365 720 634 767 Fenestellam,
662 720 729 771 qui
754 733 787 756 a.
808 719 844 756 d.
866 719 972 757 XIV
993 718 1076 757 Cal.
1097 719 1191 757 Feb.
1211 718 1344 765 tradit)

227 774 330 812 Milo
350 773 586 820 Lanuvium,
609 787 655 811 ex
675 786 751 825 quo
771 780 849 810 erat
876 772 1099 823 municipio,
1126 780 1163 810 et
1186 771 1242 810 ibi
1258 779 1344 810 tum

227 828 399 873 dictator,
419 827 609 878 profectus
625 835 679 865 est
690 827 739 865 ad
750 826 946 864 flaminem
959 826 1200 878 prodendum
1219 833 1345 878 poste-

225 882 269 919 ra
287 882 359 920 die.
390 881 567 920 Occurrit
585 881 619 919 ei
637 881 733 919 circa
750 881 885 918 horam
899 892 1041 918 nonam
1057 880 1216 919 Clodius
1227 880 1344 931 paulo

226 935 329 973 ultra
346 935 531 981 Bovillas,
551 935 698 972 rediens
717 936 765 972 ab
784 934 931 980 Aricia,
951 947 1070 986 prope
1085 947 1174 972 eum
1198 934 1342 981 locum,

227 989 269 1027 in
285 1003 361 1041 quo
373 990 495 1027 Bonae
509 989 605 1026 Deae
620 989 800 1027 sacellum
813 996 878 1026 est.
908 988 1007 1026 Erat
1017 995 1146 1026 autem
1157 988 1345 1026 allocutus

228 1043 449 1081 decuriones
473 1042 734 1081 Aricinorum.
783 1042 1007 1080 Vehebatur
1033 1042 1192 1081 Clodius
1218 1053 1342 1094 equo:

227 1097 324 1135 servi
349 1097 475 1134 XXX
501 1096 578 1134 fere
598 1096 780 1147 expediti,
802 1099 863 1139 (ut
887 1096 954 1134 ino
972 1102 1144 1147 tempore
1161 1108 1246 1134 mos
1265 1103 1345 1134 erat

225 1151 297 1189 iter
327 1151 571 1197 facientibus)
601 1150 737 1201 gladiis
762 1149 888 1197 cincti,
920 1151 1187 1201 sequebantur.
1217 1149 1343 1188 Erant

225 1218 314 1243 cum
334 1205 469 1243 Clodio
500 1212 682 1256 praeterea
711 1211 786 1241 tres
814 1204 970 1242 comites
1002 1204 1098 1253 ejus,
1130 1216 1178 1241 ex
1201 1204 1343 1255 quibus

225 1272 340 1310 eques
370 1259 572 1296 Romanus
601 1270 716 1306 unus,
749 1257 793 1296 C.
821 1257 1016 1296 Cassinius
1040 1257 1163 1305 Scola,
1194 1257 1272 1296 duo
1297 1257 1345 1295 de

222 1313 334 1364 plebe
370 1313 460 1350 novi
497 1312 685 1358 homines,
729 1311 775 1349 P.
808 1311 1060 1362 Pomponius,
1100 1312 1145 1349 C.
1173 1310 1343 1350 Clodius.

216 1367 330 1419 ‚Milo
357 1366 477 1404 rheda
503 1366 726 1411 vehebatur,
748 1378 837 1404 cum
862 1378 980 1403 uxore
1006 1365 1165 1413 Fausta,
1188 1364 1270 1403 filia
1292 1364 1342 1403 L.

225 1421 344 1459 Sunae
372 1420 576 1467 dictatoris,
598 1430 634 1458 et
654 1420 714 1457 M.
736 1419 867 1466 Fusio,
887 1418 1066 1457 familiari
1085 1431 1164 1457 suo.
1201 1420 1345 1470 Seque-

222 1476 337 1512 batur
369 1487 432 1512 eos
467 1486 654 1525 magnum
691 1487 884 1512 servorum
920 1485 1057 1524 agmen
1075 1486 1087 1518 ;
1117 1473 1216 1510 inter
1248 1485 1345 1524 quos

223 1528 450 1579 gladiatores
470 1541 624 1580 quoque
638 1536 758 1575 erant,
773 1540 820 1565 ex
839 1527 980 1578 quibus
998 1526 1076 1565 duo
1093 1526 1190 1573 noti,
1209 1526 1344 1564 Euda-

222 1594 311 1620 mus
339 1590 376 1620 et
393 1582 532 1620 Birria.
582 1582 654 1629 Hi,
674 1582 715 1619 in
733 1581 871 1620 ultimo
893 1580 1047 1632 agmine
1074 1580 1219 1618 tardius
1248 1593 1344 1618 eun-

223 1642 295 1681 tes,
327 1648 417 1673 cum
447 1636 561 1673 servis
595 1636 640 1673 P.
670 1635 795 1673 Clodii
819 1634 944 1673 rixam
966 1634 1263 1672 commiserunt:
1294 1634 1344 1672 ad

224 1702 341 1739 quem
353 1690 567 1726 tumultum
587 1702 674 1727 cum
694 1688 919 1739 respexisset
930 1687 1088 1726 Clodius
1106 1687 1343 1726 minitabun-

224 1743 311 1789 dus,
331 1743 538 1780 humerum
562 1743 644 1791 ejus
664 1743 792 1780 Birria
819 1740 1014 1792 romphaea
1044 1741 1202 1791 trajecit.
1244 1741 1343 1781 Inde

222 1810 313 1834 cum
332 1804 414 1834 orta
432 1807 527 1834 esset
545 1808 690 1847 pugna,
711 1797 840 1847 plures
855 1795 1063 1834 Miloniani
1085 1803 1341 1834 accurrerunt.

223 1850 383 1889 Clodius
402 1850 621 1888 vulneratus
640 1850 680 1888 in
707 1852 904 1888 tabernam
927 1849 1145 1900 proximam
1169 1849 1342 1888 Bovilla-

219 1917 271 1942 no
290 1904 439 1942 delatus
457 1911 523 1942 est.
554 1903 670 1951 Milo,
685 1911 730 1941 ut
749 1903 926 1955 cognovit
948 1904 1191 1941 vulneratum
1210 1902 1341 1942 Clodi-

220 1954 304 2004 um,
326 1961 431 2001 (cum
452 1957 524 1996 sibi
542 1957 788 2009 periculosius
806 1957 905 1995 illud
927 1956 1042 1995 etiam
1061 1957 1147 1995 vivo
1166 1969 1210 1995 eo
1234 1956 1341 1994 futu-

218 2025 304 2050 rum
342 2011 583 2062 intelligeret,
623 2011 742 2049 occiso
778 2019 909 2050 autem
939 2023 1127 2062 magnum
1161 2009 1340 2048 solatium

219 2073 316 2105 esset
345 2065 561 2112 habiturus,
584 2065 699 2103 etiam
725 2065 756 2102 si
780 2064 979 2103 subeunda
1004 2073 1100 2103 esset
1123 2072 1252 2116 poena)
1273 2077 1340 2102 ex-

214 2119 362 2159 turbari
380 2121 579 2158 tabernam
593 2119 718 2168 jussit·
748 2119 842 2157 Fuit
859 2118 1129 2169 antesignanus
1141 2130 1338 2157 servorum

213 2175 299 2224 ejus
320 2173 381 2212 M.
403 2173 619 2211 Fustenus:
649 2179 765 2224 atque
782 2172 837 2210 ita
856 2172 1015 2211 Clodius
1040 2173 1163 2212 latens
1191 2178 1337 2210 extrac-
