1509 2397
280 91 334 130 34
549 91 614 130 IN
642 89 914 130 PISONEM.
946 91 1050 130 CAP.
1080 92 1120 129 6.

333 197 386 237 V.
414 198 615 246 Nondum,
634 211 721 250 quae
737 198 881 246 feceris,
902 197 967 236 sed
984 211 1071 249 quae
1085 197 1166 236 fieri
1175 197 1389 248 possumis,

282 253 389 291 dico:
419 264 542 304 neque
560 265 647 291 vero
664 252 832 290 multum
849 252 1015 299 interest,
1030 251 1238 302 praesertim
1249 251 1290 289 111
1303 264 1394 290 con-

282 306 378 354 sule,
407 313 538 344 utrum
562 305 642 357 ipse
670 305 886 356 perniciosis
909 305 1071 355 legibus,
1091 305 1273 356 improbis
1302 317 1393 343 con-

281 359 465 408 cionibus,
490 359 766 410 rempublicam
793 367 916 405 vexet,
937 371 987 396 an
1006 358 1098 397 alios
1116 371 1252 397 vexare
1268 359 1391 410 patia-

280 420 354 452 tur.
393 414 462 451 An
487 420 610 464 potest
631 413 712 450 ulla
730 425 811 450 esse
829 412 1033 459 excusatio,
1052 424 1130 450 non
1147 412 1272 450 dicam
1289 412 1392 451 male

281 466 469 514 sentienti,
490 467 554 504 sed
568 466 724 514 sedenti,
745 466 948 512 cunctanti,
969 465 1185 514 dormienti,
1205 466 1245 504 in
1263 465 1390 504 maxi-

280 533 346 558 mo
363 520 579 571 reipublicae
596 528 718 565 motu,
744 520 918 558 consuli?
948 518 1115 557 Centum
1133 532 1251 571 prope
1268 531 1391 558 annos

279 574 404 625 legem
419 574 564 611 AEliam
584 581 621 611 et
632 573 785 611 Fufiam
804 581 1069 611 tenueramus:
1094 573 1391 625 quadringentos

276 627 465 677 judicium
483 627 751 678 notionemque
777 627 1002 665 censoriam:
1034 640 1129 678 quas
1146 627 1248 678 leges
1275 639 1391 665 ausus

278 688 334 719 aet
351 693 429 720 non
446 693 559 719 nemo
582 681 792 732 improbus,
822 680 947 731 potuit
969 680 1124 732 quidem
1149 692 1277 728 nemo,
1298 692 1390 718 con-

276 735 437 773 vellere:
479 747 595 795 quam
623 741 847 786 potestatem
877 734 1060 778 minuere,
1099 733 1306 786 quominus
1341 733 1391 772 de
1407 757 1412 764 ·

277 788 448 826 moribus
479 788 614 826 nostris
649 788 783 839 quinto
819 801 971 839 quoque
1007 800 1107 826 anno
1139 787 1388 838 judicaretur,

276 853 390 880 nemo
407 849 488 880 tam
506 841 623 880 effuse
640 843 814 892 petulans
827 848 982 880 conatus
1001 848 1067 880 est.

329 895 428 934 Haec
445 903 546 943 sunt,
565 908 588 933 o
606 894 798 934 carnifex!
828 894 868 932 111
887 895 1031 945 gremio
1051 895 1198 945 sepulta
1211 895 1388 932 consula-

275 950 337 986 1115
356 949 425 987 tuj.
455 949 683 1000 Persequere
701 961 888 987 connexos
902 949 961 986 his
972 948 1168 986 fimeribus
1188 947 1277 986 dies.
1308 949 1386 986 Pro

274 1003 436 1041 Aurelio
459 1003 654 1050 tribunali,
684 1014 732 1040 ne
761 1002 987 1040 connivente
1006 1002 1162 1053 quidem
1191 1008 1242 1048 te,
1264 1001 1386 1052 (quod

273 1055 402 1107 ipsum
413 1064 508 1094 esset
520 1057 654 1104 scelus)
667 1055 731 1094 sed
746 1055 859 1094 etiam
871 1055 1110 1093 hilarioribus
1124 1054 1256 1101 0011115,
1269 1067 1389 1106 quam

274 1110 408 1148 solitus
426 1123 521 1159 eras,
550 1110 734 1157 intuente,
767 1109 934 1148 delectus
956 1121 1148 1147 servorum
1177 1108 1389 1146 habebatur

275 1164 324 1202 ab
343 1176 402 1212 eo,
423 1164 491 1214 qui
507 1163 604 1201 nihil
616 1164 689 1202 sibi
702 1175 875 1214 unquam
886 1175 955 1200 nec
965 1163 1086 1200 facere
1103 1174 1172 1200 nec
1182 1161 1263 1213 pati
1275 1169 1388 1212 turpe

273 1215 397 1255 duxit.
425 1218 552 1256 Arma
568 1217 609 1254 in
627 1217 770 1267 templo
789 1216 968 1263 Castoris,
983 1218 1022 1259 (o
1040 1215 1208 1267 proditor
1225 1215 1389 1266 templo-

273 1282 363 1308 rum
381 1270 555 1308 omnium
570 1271 601 1318 !)
619 1271 771 1308 vidente
788 1277 840 1317 te,
860 1269 1183 1308 constituebantur
1201 1270 1248 1306 ab
1268 1281 1311 1306 eo
1330 1269 1387 1306 13-

272 1329 394 1371 trone,
407 1324 468 1362 cui
486 1325 674 1375 templum
692 1323 790 1361 illud
806 1323 894 1370 fuit,
914 1330 952 1362 te
969 1323 1135 1370 consule,
1155 1335 1224 1359 arx
1242 1321 1385 1360 civium

271 1378 521 1427 perditorum,
534 1377 814 1428 receptaculum
829 1385 998 1415 veterum
1010 1376 1185 1414 Catilinae
1198 1375 1384 1423 militum,

270 1431 468 1469 castellum
486 1431 643 1469 forensis
660 1430 859 1476 latrocinii,
879 1431 1037 1467 bustum
1055 1430 1186 1479 legum
1210 1429 1386 1466 omnium

271 1495 315 1521 ac
340 1484 579 1534 religionum.
608 1484 705 1521 Erat
722 1494 799 1520 non
817 1483 942 1520 solum
961 1481 1099 1519 domus
1116 1494 1217 1530 mea,
1237 1481 1303 1519 sed
1327 1488 1388 1519 to-

271 1543 358 1574 tum
381 1537 589 1583 Palatium,
621 1544 768 1584 senatu,
800 1535 990 1587 equitibus
1009 1534 1209 1583 Romanis,
1236 1534 1387 1573 civitate

271 1589 391 1637 omni,
413 1589 527 1628 Italia
546 1590 694 1637 cuncta,
715 1589 922 1634 refertum3
952 1600 1040 1626 cum
1052 1595 1095 1626 tu
1106 1600 1182 1625 non
1200 1587 1316 1625 modo
1334 1588 1383 1626 ad

270 1655 360 1680 eum
379 1642 614 1690 Ciceronem,
634 1644 760 1685 (mitto
779 1642 881 1680 enim
908 1641 1127 1690 domestica,
1148 1654 1235 1692 quae
1251 1642 1382 1692 negari

269 1703 456 1746 possunt,
446 1709 456 1718 ·
484 1696 565 1734 haec
596 1709 864 1743 commemoro,
890 1708 976 1747 quae
1008 1701 1099 1732 sunt
1130 1695 1282 1755 palam)
1306 1707 1384 1733 non

268 1748 430 1797 modo,
418 1761 592 1800 inquam,
613 1750 661 1787 ad
673 1763 775 1798 eum,
797 1750 859 1788 cui
875 1748 1041 1809 primam
1056 1748 1216 1786 comitiis
1227 1748 1303 1786 tuis
1317 1747 1383 1786 de-

269 1801 376 1841 deras
394 1803 565 1840 tabulam
583 1803 852 1854 praerogativae,
873 1815 988 1854 quem
1013 1802 1053 1839 in
1081 1809 1213 1840 senatu
1233 1808 1384 1840 senten-

269 1855 363 1894 tiam
380 1857 538 1906 rogabas
555 1857 723 1903 tertium,
743 1869 943 1908 nunquam
962 1854 1176 1906 adspirasti,
1205 1854 1270 1892 sed
1297 1867 1382 1893 om-

268 1909 381 1948 nibus
411 1909 587 1957 0011511115,
608 1923 694 1960 quae
712 1910 761 1947 ad
778 1922 842 1948 me
869 1908 1164 1960 opprimendum
1192 1909 1381 1959 paraban-

267 1969 344 2012 tur,
359 1975 435 2001 non
457 1962 659 2002 interfuisti
678 1963 814 2011 solum,
838 1975 971 2002 verum
990 1962 1105 2000 etiam
1123 1961 1381 2000 crudelissime

266 2015 463 2068 praefiiisti,

319 2069 395 2108 VI.
423 2069 530 2108 Mihi
547 2082 634 2108 vero
642 2069 730 2120 ipsi,
749 2082 875 2108 coram
893 2080 1032 2120 genero
1047 2080 1147 2116 meo,
1160 2067 1378 2119 propinquo

263 2129 344 2183 tuo,
371 2136 459 2175 quae
486 2122 608 2161 dicere
624 2135 738 2161 ausus
762 2122 829 2161 ec?
857 2122 995 2174 Egere,
1025 2123 1115 2161 foris
1140 2133 1232 2169 mse,
1254 2120 1377 2159 Gabi-

258 2176 392 2223 nium;
422 2176 502 2216 sine
520 2175 712 2227 provincia
731 2183 826 2215 stare
845 2188 920 2215 non
940 2188 1077 2226 posse;
1108 2186 1214 2227 spem
1233 2173 1373 2214 habere
