1509 2397
217 18 302 64 246
460 23 803 65 PHILIPPICA
833 25 917 65 111.
947 24 1054 65 cn.
1074 0 1117 65 ι’.

273 133 340 171 Illi
359 134 513 185 regibus
529 147 663 186 parere
677 135 760 184 jam
779 147 803 173 a
821 133 973 173 condita
983 134 1094 173 Urbe
1106 133 1344 174 didicerantr

217 198 302 234 nos,
336 196 422 239 post
450 201 556 239 reges
589 197 753 236 exactos,
781 189 974 228 servitutis
1005 188 1147 227 oblivio
1178 197 1342 241 ceperat.

220 242 353 293 Atque
370 242 436 281 ille
455 243 707 295 Tarquinius,
729 257 846 295 quem
870 244 1034 293 majores
1051 242 1170 281 nostri
1184 255 1260 281 non
1279 251 1344 282 tu-

219 295 362 343 lerunt,
384 309 461 336 non
486 297 663 342 crudelis,
684 310 760 336 non
788 297 945 349 impius,
966 297 1032 335 sed
1055 299 1256 348 superbus,
1274 298 1345 336 hm

218 349 325 388 bitus
344 358 413 400 est,
435 359 472 390 et
490 352 624 390 dictus.
648 351 767 399 Quod
779 364 848 389 nos
861 351 997 389 vitium
1016 351 1058 389 in
1071 351 1228 402 privatis
1247 365 1348 403 saepe

219 405 397 451 tulimus,
423 405 464 443 id
486 407 650 454 majores
675 405 794 444 nostri
820 418 869 443 ne
894 406 935 443 in
957 418 1046 456 rege
1071 405 1230 457 quidem
1248 406 1347 444 ferre

219 466 439 509 potuerunt.
483 460 530 497 L.
551 461 700 498 Brutus
725 472 855 511 regem
885 461 1096 511 superbum
1124 471 1202 497 non
1228 460 1343 498 tulit:

221 511 408 552 Decimus
427 514 651 552 sceleratum
665 522 780 565 atque
790 513 959 565 impium
974 526 1133 565 regnare
1145 513 1313 565 patietur
1326 516 1344 553 Ρ

220 565 332 613 Quid
347 567 585 619 Tarquinius
597 568 686 615 tale,
701 568 831 619 qualia
849 567 1145 606 innumerabilia
1159 575 1197 606 et
1208 567 1297 606 fecit
1309 575 1347 606 et

220 620 312 659 facit
329 622 526 660 Antonius
542 624 558 660 ἓ
581 623 767 660 Senatum
787 623 902 660 etiarn
920 635 1026 673 reges
1038 621 1255 669 habebant:
1278 634 1347 661 nec

219 682 365 721 tamen,
387 684 431 714 ut
449 676 623 714 Antonio
642 684 818 714 senatum
836 676 1006 723 habenti‚
1022 677 1063 714 in
1078 675 1234 715 consilio
1248 676 1347 727 regis

222 731 471 768 versabantur
483 731 634 768 barbari
649 731 798 768 armati.
815 731 1026 769 Servabant
1039 730 1209 782 auspicia
1219 743 1346 781 reges;

219 796 309 834 quae
327 784 389 822 hic
409 785 542 823 consul
567 798 768 836 augurque
787 785 971 836 neglexit,
998 797 1124 837 neque
1146 785 1273 822 solum
1291 785 1348 822 le-

219 837 334 887 gibus
353 847 483 877 contra
501 838 671 890 auspicia
688 839 867 885 ferendis,
884 838 950 877 sed
969 839 1085 877 etiam
1104 837 1246 890 collega
1265 838 1348 877 una

220 891 365 930 ferente
383 905 441 941 eo,
462 905 580 945 quem
597 893 679 945 ipse
692 893 883 931 ementitis
902 893 1080 945 auspiciis
1093 893 1274 932 vitiosum
1292 892 1349 932 fe-

221 953 336 984 cerat.

276 1000 377 1048 Quis
396 1008 525 1040 autem
544 1014 612 1040 rex
631 1013 806 1053 unquam
826 1001 899 1040 fuit
918 1009 999 1040 tarn
1018 1001 1198 1052 insignite
1216 1001 1346 1064 irnpu-

219 1054 330 1102 dens,
366 1063 409 1093 ut
440 1056 597 1094 haberet
627 1056 757 1094 omnia
790 1055 1006 1102 commoda,
1037 1055 1234 1102 beneficia,
1259 1057 1350 1105 jura

221 1109 343 1160 regni,
365 1110 549 1149 venalia?
580 1110 658 1148 Hic
670 1123 789 1161 quam
804 1109 1104 1155 immunitatem,
1118 1122 1237 1161 quam
1257 1110 1313 1148 cix
1316 1109 1349 1147 i-

218 1171 356 1210 tatem,
379 1164 482 1214 quod
504 1164 724 1215 praemium,
749 1176 825 1202 non
846 1165 906 1202 vel
929 1163 1089 1214 singulis
1112 1163 1348 1209 hominibus,

222 1217 284 1254 vel
313 1217 544 1259 civitatibus.
579 1219 640 1256 vel
670 1217 854 1256 universis
890 1218 1108 1269 provinciis,
1147 1217 1318 1256 vendidit
1331 1217 1349 1254 ’ἓ

225 1271 341 1309 Nihil
359 1272 507 1310 humile
525 1272 573 1310 de
593 1272 822 1323 Tarquinio,
850 1272 947 1318 nihil
967 1271 1178 1319 sordidum,
1205 1271 1352 1323 accepi-

221 1337 312 1363 mus
329 1340 338 1363 :
363 1335 402 1364 at
415 1339 518 1373 vero,
538 1327 657 1377 hujus
676 1326 795 1372 domn
810 1326 908 1364 inter
930 1326 1095 1378 quasilla
1114 1326 1352 1377 pendebatur

221 1392 379 1427 aurum,
400 1383 675 1419 numerabatur
693 1381 882 1432 pecunia:
912 1381 992 1418 una
1011 1380 1051 1418 in
1070 1380 1186 1418 domo
1203 1393 1351 1426 omnes,

220 1447 391 1485 quorum
414 1435 609 1482 intererat,
635 1442 760 1473 totum
787 1435 999 1487 imperium
1024 1435 1160 1486 populi
1184 1434 1354 1472 Romani

224 1488 552 1527 nundinabantur.
595 1489 793 1541 Supplicia
822 1502 910 1527 vero
946 1489 987 1526 in
1018 1489 1118 1527 cives
1155 1489 1353 1526 Romanos

223 1542 333 1580 nulla
352 1542 559 1594 Tarquinii
578 1545 820 1595 accepimus:
843 1551 883 1581 at
900 1542 963 1581 hic
982 1550 1019 1581 et
1033 1543 1180 1581 Suaesae
1195 1543 1354 1593 jugula-

222 1595 278 1633 vit
297 1609 373 1643 eos,
400 1610 495 1648 quos
521 1598 562 1635 in
580 1598 793 1636 custodiam
812 1597 980 1644 dederat,
1002 1604 1039 1634 et
1058 1596 1256 1634 Brundisii
1276 1604 1352 1634 tre-

221 1657 349 1688 centos
368 1650 592 1689 fortissimos
604 1652 716 1699 viros,
739 1652 914 1703 civesque
931 1651 1111 1702 optimos,
1131 1649 1347 1688 trucidavit.

276 1703 490 1751 Postremo,
505 1705 742 1756 Tarquinius
760 1718 830 1757 pro
844 1705 989 1756 populo
1001 1705 1180 1742 Romano
1199 1704 1349 1743 bellum

220 1759 376 1808 gerebat
404 1767 504 1805 tum,
531 1772 621 1797 cum
655 1768 710 1798 est
742 1760 951 1810 expulsus:
991 1758 1188 1797 Antonius
1217 1765 1348 1797 contra

221 1811 412 1863 populum
429 1813 654 1850 Romanurn
669 1814 878 1851 exercitum
894 1812 1107 1850 adducebat
1126 1820 1225 1857 tum,
1242 1825 1348 1860 cum,

222 1879 246 1903 a
274 1866 490 1916 legionibus
512 1867 679 1914 relictus,
704 1879 844 1905 nomen
871 1866 1031 1905 Caesaris
1062 1866 1351 1918 exercitumque

223 1920 449 1970 pertimuit,
480 1921 738 1973 neglectisque
766 1920 956 1959 sacrificiis
984 1920 1232 1968 sollennibus‚
1263 1927 1352 1958 ante

222 1973 365 2034 lucem,
386 1982 475 2012 vota
505 1988 562 2022 ea,
595 1988 682 2027 quae
712 1988 915 2027 nunquam
946 1975 1119 2022 solveret,
1153 1986 1353 2025 nuncupa-

220 2027 305 2073 vit3
336 2035 373 2066 et
402 2028 474 2067 hoc
496 2036 666 2082 tempore
689 2030 729 2067 in
756 2029 994 2082 provinciam
1015 2028 1151 2080 populi
1178 2028 1349 2066 Romani

222 2089 384 2121 conatur
402 2083 592 2123 invadere.
622 2084 758 2134 Majus
777 2084 895 2136 igitur
914 2097 938 2123 a
961 2083 1124 2122 Decimo
1142 2081 1268 2122 Bruto
1287 2084 1353 2122 be-
