1509 2397
380 106 443 144 IN
473 105 748 145 PISONEM.
780 106 885 145 CAP.
914 106 980 144 32.
1185 105 1232 142 (il

125 213 404 264 amplissimum
422 220 537 265 atque
553 214 854 261 ornatissimum,
874 213 995 252 voluit
1013 225 1103 251 esse.
1140 212 1238 251 Ves-

128 272 197 305 trae
213 267 378 316 fraudes,
394 276 563 306 vestrum
578 269 711 316 scelus,
733 276 864 306 vestrae
883 267 1162 305 criminationes
1180 266 1239 303 in·-

125 321 307 359 sidiarum
325 334 514 369 mearum,
540 322 644 359 illius
663 321 932 372 periculorum,
960 321 1101 358 nefarie
1126 320 1237 367 fictae,

125 375 240 413 simul
259 388 404 422 eorum,
425 375 507 426 qui,
526 375 793 413 familiaritatis
807 375 973 436 licentia,
987 387 1144 412 suorum
1163 374 1237 411 im-

121 429 434 480 probissimorum
443 442 662 467 sermonum
669 428 931 466 domicilium
920 441 961 465 111
973 428 1128 466 auribus
1140 429 1236 477 ejus,

123 483 294 544 impulsu
308 491 444 530 vestro,
458 483 749 531 collocaverunt,
766 490 898 521 vestrae
912 482 1136 533 cupiditates
1150 494 1238 532 pro-

123 536 349 583 vinciarum,
364 536 579 584 effecerunt,
600 545 644 574 ut
656 550 724 587 ego
744 537 988 581 excluderer,
1014 548 1236 587 omnesque,

123 591 192 642 qui
209 603 286 639 me,
307 590 374 641 qui
392 590 496 628 illius
514 591 690 641 gloriam,
711 591 779 642 qui
797 565 1072 642 rempublicam
1093 590 1238 628 salvam

121 658 199 683 osse
229 645 448 696 cupiebant,
478 657 649 682 sermone
668 652 783 696 atque
801 644 908 682 aditu
933 644 1235 695 prohiberentur.

122 697 277 745 Quibus
294 700 407 736 rebus
426 705 481 736 est
509 697 734 749 perfectum,
765 706 810 736 ut
834 698 891 735 illi
909 700 1022 750 plane
1052 711 1120 736 suo
1139 705 1237 735 stare

117 752 263 802 judicio
282 765 359 790 non
376 751 518 799 liceret,
543 765 632 789 cum
661 752 752 790 certi
775 752 949 790 homines
967 765 1045 790 non
1064 751 1237 790 studium

120 807 203 855 ejus
233 819 256 844 a
286 819 350 844 1118
379 806 619 852 3118ῃὲ55801,
651 806 716 844 sed
748 806 939 844 auxilium
971 806 1235 844 retardassent.

119 860 262 899 Nonne
280 859 329 898 ad
347 867 384 897 te
398 860 447 897 L.
469 859 673 907 Lentulus,
694 860 762 911 qui
786 868 872 898 tum
890 867 968 898 erat
987 867 1138 911 praetor,
1158 871 1236 897 non

118 914 171 962 Q.
193 915 334 964 Sanga,
354 926 431 951 non
450 913 498 951 L.
519 913 740 965 Torquatus
764 922 886 965 pater,
907 927 984 951 non
1004 915 1065 952 M.
1087 913 1235 951 Lucul-

118 968 180 1006 lus
204 968 338 1006 venit?
368 967 436 1019 qui
461 980 593 1006 omnes
617 967 666 1005 ad
685 981 788 1016 eum,
820 968 1012 1020 multique
1040 968 1233 1015 mortaleS,

117 1029 268 1060 oratum
295 1021 336 1059 in
357 1022 575 1069 Albanum,
607 1023 934 1074 obsecratumque,
964 1030 1158 1068 venerant,
1187 1034 1236 1059 ne

118 1087 222 1114 meas
240 1076 411 1115 fortunas
430 1076 627 1123 desereret,
656 1089 745 1113 cum
764 1076 982 1127 reipublicae
1006 1077 1127 1114 salute
1146 1087 1235 1113 oon-

113 1130 276 1179 junctas.
306 1129 416 1177 Quos
434 1130 500 1168 ille
518 1130 568 1167 ad
585 1137 622 1167 te
637 1139 673 1167 et
688 1130 737 1167 ad
748 1137 859 1168 tuum
875 1131 1060 1181 collegam
1074 1129 1234 1177 remisit,

116 1190 162 1221 ut
180 1196 334 1222 causam
352 1184 547 1234 publicam
574 1184 822 1235 susciperetis,
846 1192 890 1222 ut
916 1184 964 1222 ad
983 1191 1157 1222 senatum
1177 1197 1236 1221 re-

115 1237 285 1276 ferretis:
317 1251 355 1275 se
384 1246 514 1276 contra
542 1246 733 1276 armatum
764 1239 964 1276 tribunum
994 1238 1130 1288 plebis,
1155 1238 1235 1276 sine

117 1291 273 1329 consilio
294 1291 464 1342 publico,
496 1291 684 1330 decertare
712 1293 836 1330 nolle:
869 1292 1086 1330 consulibus
1110 1305 1157 1329 ex
1177 1304 1235 1329 se-

116 1345 419 1384 nattis-consulto
444 1345 722 1396 rempublicam
740 1345 1043 1392 defendentibus,
1071 1358 1110 1384 se
1128 1358 1235 1382 arma

115 1405 349 1436 sumturum.
378 1398 546 1450 Ecquid,
566 1399 714 1446 infelix,
730 1399 947 1446 recordaris,
968 1399 1063 1450 quid
1081 1411 1236 1450 respon-

115 1452 243 1490 deris?
271 1453 313 1490 in
346 1465 422 1504 quo
453 1453 513 1490 illi
541 1465 672 1491 omnes
704 1453 875 1504 quidem,
913 1453 978 1491 sed
1011 1453 1233 1514 Torquatus

115 1514 252 1558 praeter
270 1514 435 1551 caeteros,
466 1507 618 1545 furebat
640 1506 877 1545 contumacia
901 1507 1069 1558 responsi
1095 1507 1167 1554 tui,
1197 1514 1235 1545 te

112 1572 191 1598 non
211 1573 288 1599 esse
307 1568 388 1598 tam
405 1560 558 1607 fortem,
574 1574 691 1612 quam
706 1561 786 1611 ipse
808 1560 1096 1612 [Torquatus]
1087 1573 1126 1598 in
1143 1573 1232 1599 con-

115 1614 243 1652 sulatu
261 1614 406 1663 fuisset,
427 1622 493 1652 aut
513 1627 605 1665 ego.
636 1615 734 1652 nihil
758 1628 854 1666 opus
881 1628 958 1653 esse
983 1615 1114 1663 armis,
1134 1615 1232 1652 nihil

114 1668 377 1706 contentione.
407 1681 470 1706 me
488 1682 596 1720 posse
613 1668 752 1706 iterum
772 1669 1048 1720 rempublicam
1069 1682 1229 1717 servare,

115 1722 147 1760 si
164 1722 381 1761 cessissem:
411 1722 602 1760 infinitam
635 1723 825 1761 caedem
804 1736 898 1771 iore,
926 1723 957 1761 si
984 1723 1229 1761 restitissem:

113 1775 250 1814 deinde
269 1776 317 1814 ad
337 1784 567 1824 extremum,
588 1789 713 1828 neque
731 1790 783 1824 se,
804 1789 928 1828 neque
947 1789 1144 1828 generum,
1165 1789 1231 1815 ne-

114 1842 190 1881 que
208 1831 393 1881 collegam
412 1843 541 1877 suum,
561 1831 714 1869 tribuno
733 1831 854 1881 plebis
873 1831 1107 1869 defuturum.
1150 1831 1231 1870 Hic

114 1890 174 1930 tu,
186 1883 303 1922 hostis
322 1897 365 1923 ac
383 1885 566 1935 proditor,
583 1885 666 1923 aliis
683 1897 747 1922 me
761 1885 1012 1923 inimiciorem
1027 1897 1146 1936 quam
1161 1885 1232 1923 tibi

112 1936 247 1975 debere
266 1951 344 1976 esse
362 1938 453 1977 dicis
464 1938 482 1975 Ρ

166 1990 354 2030 XXXII.
384 1992 471 2043 Ego
491 1992 537 2031 C.
565 1992 647 2031 Caes
632 2006 754 2031 carem
783 2005 861 2032 non
889 1993 1022 2031 eadem
1051 1993 1098 2031 de
1117 2006 1229 2044 repu-

113 2043 212 2082 blica
230 2045 399 2093 sensisse,
420 2060 507 2098 quae
525 2060 602 2095 me,
623 2047 720 2085 scio:
753 2047 818 2086 sed
847 2055 975 2085 tamen
1006 2047 1127 2098 (qued
1147 2048 1231 2096 jam

113 2097 162 2136 de
179 2111 237 2143 eo,
255 2099 316 2137 his
333 2100 590 2149 audientibus,
617 2115 715 2152 saepe
737 2101 835 2149 dixi)
866 2114 930 2139 me
954 2101 1019 2140 ille
1038 2101 1098 2139 sui
1116 2101 1231 2139 totius

112 2153 342 2201 consulatus,
362 2167 572 2206 eorumque
595 2154 800 2204 honorum,
821 2168 917 2208 quos
936 2168 1024 2194 cum
1043 2155 1230 2207 proximis

164 2205 316 2253 (Orat.)
345 2218 373 2244 v
378 2218 535 2246 0L.1v.
926 2220 955 2246 G
