1509 2397
300 122 381 159 316
503 111 844 162 PfflmPPmA
875 122 1002 161 vm.
1034 122 1142 161 cn.
1174 122 1238 161 ιο.

303 232 333 252 “
354 229 546 281 Togatam
576 230 728 268 remitto
742 233 766 275 ς’
795 228 998 269 Comatam
1028 230 1226 282 postul0,''
1265 228 1423 272 (otiosus

302 284 477 322 videlicet
511 296 589 321 esse
625 285 790 331 mavult)
821 286 849 306 “
866 297 953 322 cum
985 297 1051 322 sex
1077 283 1334 335 legionibus,”
1362 282 1426 320 in·

303 337 403 388 quit,
436 341 463 359 “-
480 337 602 388 iisque
621 338 808 390 suppletis
828 351 875 376 ex
895 337 948 374 D.
969 338 1085 376 Bruti
1104 337 1314 384 exercitu,”
1345 348 1422 375 non

302 391 419 429 modo
447 404 495 429 ex
532 391 679 430 delectu
717 405 814 430 suo:
858 393 886 413 “
906 391 1130 442 tamdiuque
1161 398 1205 429 ut
1240 390 1422 439 obtineat,

304 445 491 495 quamdiu
528 445 589 483 M.
621 447 782 491 Brutus,
817 445 861 483 C.
894 445 1060 492 Cassius,
1092 445 1276 493 consules,
1307 457 1422 495 prove

295 499 538 545 consulibus,
568 499 781 550 provincias
807 499 1045 536 obtinebunt.
1077 496 1231 547 [Hujus
1260 497 1421 536 comitiis

305 552 352 589 C.
374 552 489 590 frater
509 553 608 601 (ejus
626 562 683 590 est
702 553 805 590 enim
824 559 963 598 annus)
984 553 1066 601 jam
1085 553 1275 602 repulsam
1296 551 1417 603 tulit]

303 607 334 627 “
356 606 447 656 Ipse
477 614 606 644 autem
640 614 684 644 ut
716 606 1067 658 quinquennium,'’
1096 605 1236 657 inquit,
1278 605 1421 643 “obti-

302 660 459 696 neam.”
488 663 546 697 At
570 659 674 697 istud
693 667 794 698 vetat
811 660 875 698 lex
901 659 1084 698 Caesaris:
1115 667 1153 697 et
1172 666 1214 697 tu
1233 667 1315 698 acta
1333 659 1420 698 Cae-

301 712 395 750 saris
411 713 582 751 defendis
598 716 614 751 ἓ

354 766 407 804 X.
439 767 537 805 Haec
556 775 598 804 tu
617 767 811 815 mandata,
833 768 882 806 L.
897 767 1001 815 Piso,
1023 775 1060 806 et
1079 774 1136 815 tu,
1158 767 1206 806 L.
1223 767 1418 819 Philippe,

297 819 488 871 principes
507 821 682 869 civitatis,
703 834 779 859 non
799 822 896 869 dico,
917 821 1045 860 animo
1062 821 1173 867 ferre,
1195 834 1324 860 verum
1346 834 1417 859 au-

297 873 404 911 ribus
443 874 623 925 accipere,
648 876 857 926 potuistis?
898 876 974 913 Sed
996 879 1057 918 (ut
1086 875 1271 926 suspicor)
1295 882 1414 913 terror

298 934 378 964 erat
397 928 581 978 quidam:
614 941 682 967 nec
713 942 778 967 vos
804 936 849 967 ut
876 929 992 980 legati
1017 929 1120 980 apud
1141 929 1255 966 illum
1279 928 1419 976 fuistis,

297 991 367 1018 nec
385 989 430 1018 ut
455 983 698 1028 consulares3
731 996 799 1022 nec
828 995 893 1020 vos
922 990 1085 1020 vestram
1108 995 1178 1021 nec
1202 982 1421 1034 reipublicae

298 1033 527 1084 dignitatem
561 1044 689 1074 tenere
713 1037 900 1087 potuistis.
931 1037 987 1074 Et
1017 1044 1160 1083 tamen,
1189 1036 1314 1074 nescio
1344 1049 1422 1087 quo

297 1095 424 1138 pacto,
446 1089 631 1140 sapientia
652 1091 834 1141 quadam,
857 1090 1000 1137 (credo)
1027 1090 1130 1141 quod
1150 1102 1219 1140 ego
1238 1102 1313 1127 non
1333 1103 1421 1141 pos-

297 1153 394 1188 sem,
416 1154 492 1180 non
514 1143 629 1181 nimis
648 1143 735 1181 irati
753 1143 969 1181 revertistis.
999 1143 1122 1182 Vobis
1142 1144 1203 1181 M.
1223 1143 1420 1181 Antonius

295 1194 394 1232 nihil
414 1195 563 1245 tribuit,
585 1197 801 1235 clarissimis
812 1198 915 1244 viris,
929 1197 1065 1248 legatis
1083 1197 1217 1248 populi
1236 1197 1417 1235 Romani.

297 1247 382 1286 Nos
401 1249 497 1300 quid
524 1263 601 1288 non
627 1251 752 1302 legato
771 1251 935 1289 Antonii
958 1251 1107 1302 Cotylae
1135 1251 1417 1289 concessimus?

297 1300 376 1340 Cui
395 1311 523 1353 portas
543 1304 610 1353 huj
618 1318 661 1342 us
681 1305 786 1342 urbis
805 1312 934 1356 patere
949 1306 1012 1354 jus
1031 1317 1108 1342 non
1128 1313 1220 1353 erat,
1240 1305 1330 1343 huic
1347 1305 1420 1344 hoc

301 1357 492 1407 templum
523 1358 675 1408 patuit:
707 1359 797 1396 huic
822 1359 948 1396 aditus
966 1359 1006 1396 in
1033 1366 1207 1396 senatum
1225 1358 1327 1396 fuit:
1357 1358 1421 1397 hic

294 1408 472 1448 hesterno
491 1411 552 1449 die
573 1412 777 1450 sententias
793 1421 938 1450 nostras
956 1412 997 1449 in
1016 1412 1219 1459 codicillos,
1236 1419 1272 1450 et
1291 1412 1421 1450 omnia

294 1465 424 1511 verba,
456 1465 668 1503 referebat:
700 1465 790 1504 huic
820 1479 860 1504 se
884 1466 998 1504 etiam
1022 1466 1183 1504 summis
1212 1465 1419 1504 honoribus

296 1517 371 1563 usi,
394 1525 525 1556 contra
544 1519 770 1570 dignitatem
790 1532 914 1568 suam,
934 1520 1192 1558 venditabant.
1409 1522 1411 1524 ’

352 1570 390 1609 Ο
410 1568 476 1609 Dii
491 1572 727 1611 immortales
747 1573 755 1610 !
788 1586 905 1624 quam
921 1586 1107 1624 magnum
1128 1580 1197 1621 est,
1217 1586 1418 1625 personam

296 1624 338 1661 in
357 1626 553 1675 republica
579 1627 676 1664 tueri
697 1627 877 1678 principis
893 1627 902 1664 !
934 1641 1021 1678 quae
1039 1639 1116 1664 non
1136 1628 1273 1666 animis
1292 1627 1419 1665 solum

299 1677 427 1724 debet,
450 1680 515 1717 sed
535 1679 649 1717 etiam
669 1680 802 1726 oculis,
824 1681 963 1718 servire
982 1681 1134 1718 civium.
1165 1680 1341 1719 Domum
1360 1694 1419 1719 re-

295 1732 422 1781 cipere
450 1733 622 1783 legatum
655 1733 839 1782 hostium,
874 1734 914 1771 in
947 1734 1166 1772 cubiculum
1200 1734 1415 1782 admittere,

290 1785 410 1822 etiam
441 1787 631 1833 seducere,
663 1787 832 1825 hominis
851 1795 921 1835 est,
941 1788 1038 1825 nihil
1063 1788 1110 1825 de
1141 1788 1337 1839 dignitate,
1358 1789 1417 1826 ni-

294 1838 419 1875 mium
437 1839 485 1877 de
503 1841 688 1891 periculo,
711 1841 921 1892 cogitantis.
951 1842 1068 1889 Quod
1087 1850 1216 1880 autem
1237 1849 1292 1880 est
1317 1842 1416 1893 peri-

292 1892 459 1930 culum?
488 1906 594 1941 narn,
627 1895 657 1932 si
690 1895 908 1933 maximum
944 1895 985 1932 in
1016 1895 1218 1933 discrimen
1249 1897 1412 1943 venitur,

292 1953 360 1982 aut
393 1946 546 1985 libertas
575 1955 706 1998 parata
737 1956 793 1986 est
823 1949 967 1995 victori,
1000 1957 1068 1986 aut
1097 1962 1199 1986 mors
1224 1950 1416 2000 proposita

290 1998 393 2036 victo
409 2014 418 2037 2
449 2014 614 2052 quorum
629 2002 793 2039 alterum
808 2003 974 2053 optabile
987 2010 1055 2050 est,
1073 2003 1236 2040 alterum
1248 2003 1413 2053 effugere

291 2064 410 2091 nemo
438 2061 575 2105 potest.
605 2055 751 2106 Turpis
780 2064 910 2094 autem
942 2057 1045 2107 fuga·
1063 2056 1196 2094 mortis
1229 2057 1335 2094 omni
1361 2063 1416 2094 est

296 2113 418 2145 morte
437 2109 556 2159 pejor.
1404 2129 1408 2131 ·

347 2160 456 2199 Nam
475 2161 573 2199 illud
592 2161 747 2213 quidem
775 2174 852 2201 non
878 2163 1046 2202 adducor
1077 2171 1121 2201 ut
1153 2163 1318 2210 credam,
1339 2177 1416 2202 esse

291 2214 496 2264 quosdam,
516 2215 583 2267 qui
609 2215 802 2255 invideant
826 2217 989 2267 alicujus
1011 2217 1247 2264 constantiae,
1275 2218 1342 2269 qui
1359 2218 1415 2255 la„
