1509 2397
353 63 694 105 PHILIPPICA
724 65 776 104 V.
804 65 909 104 CAP.
943 66 1004 110 17.
1152 66 1234 107 283:

115 174 231 217 nibus
262 174 383 213 Sullae
411 186 525 213 causa
554 180 689 223 grata·
719 173 883 211 declarat
913 172 1122 211 multitudo
1145 185 1233 224 pro-

113 228 354 279 scriptorum,
375 235 431 266 tot
457 227 754 277 municipiorum
776 227 958 264 maximae
988 226 1234 267 calamitates.

115 281 243 320 Caesar
271 291 414 329 autem,
446 281 555 319 annis
587 280 720 318 multis
751 280 890 327 minor,
925 289 1134 323 veteranos
1166 293 1232 317 cu-

113 335 260 386 pientes
286 337 369 385 jam
398 335 643 386 requiescere,
674 335 860 372 armavit:
893 347 976 372 eam
1010 335 1231 384 complexus

115 396 171 427 est
201 403 370 436 causam,
403 403 490 441 quae
520 397 616 426 esset
643 388 804 433 senatui,
837 401 924 438 quae
953 389 1111 438 popuIO,
1143 401 1233 438 quae

116 452 262 482 cunctae
282 444 418 491 Italiae,
440 454 527 494 quae
552 443 638 481 Diis
663 442 973 492 hominibusque,
1002 441 1228 492 gratissima.

115 496 171 534 Et
208 498 416 548 Pompeius
450 497 499 534 ad
529 496 578 533 L.
613 496 731 534 Sullae
764 495 981 533 maximum
1010 495 1230 545 imperium,

117 551 373 603 victoremque
391 550 614 596 exercitum,
636 549 786 588 accessit
804 565 823 586 :-
841 549 969 587 Caesar
984 562 1022 587 se
1041 549 1091 586 ad
1110 549 1233 586 nemi-

113 617 204 643 nem
233 605 435 654 adjunxit:
465 605 546 655 ipse
576 604 749 654 princeps
779 604 964 641 exercitiis
999 603 1162 640 faciendi
1195 610 1233 640 et

119 659 285 710 praesidii
297 659 542 710 comparandi
560 658 648 696 fuit.
679 658 766 705 Ille,
780 658 819 694 in
829 657 1133 698 ,adversariorum
1147 670 1236 708 par-

115 713 230 761 tibus,
252 726 389 764 agrum
405 713 591 751 Picenum
602 712 738 749 habuit
757 711 949 749 amicum:
980 711 1056 757 hic,
1078 723 1126 748 ex
1145 712 1234 748 An-

117 767 212 804 tonii
241 767 385 813 amicis,
405 767 471 805 sed
495 766 738 805 amicioribus
756 765 936 813 libertati,
954 773 1087 804 contra
1104 765 1234 802 Anto-

115 820 226 859 nium
245 821 405 859 confecit
424 820 645 859 exercitum.
676 820 788 858 Illius
806 819 948 870 opibus
972 819 1082 861 Sulla
1099 831 1235 869 regna-

115 875 195 913 vit:
233 875 351 924 hujus
382 874 558 936 praesidio
588 873 754 914 Antonii
785 873 1003 911 dominatus
1035 886 1235 924 oppressus

117 936 185 967 est.
215 928 366 967 Demus
398 928 515 979 igitur
544 928 751 989 imperium
770 927 935 972 Caesari3
966 928 1046 965 sine
1076 940 1153 978 quo
1175 939 1234 964 res

115 982 291 1024 militaris
309 982 580 1030 administrari,
607 982 726 1020 tenen·
745 982 946 1028 exercitus,
974 981 1121 1020 bellum
1135 980 1234 1042 3011,

118 1049 196 1074 11011
214 1045 349 1088 potest.
378 1037 438 1076 Sit
455 1049 524 1088 pro
538 1044 699 1087 praetore
713 1049 756 1074 eo
772 1037 872 1085 jure,
889 1049 966 1087 quo
980 1036 1047 1087 qui
1062 1035 1234 1096 optimo.

118 1091 188 1142 qui
205 1090 339 1152 honos,
363 1103 601 1143 quamquam
631 1103 669 1128 es
672 1099 687 1128 t
711 1103 875 1140 magnus
894 1090 952 1127 illi
971 1089 1086 1135 aetati,
1107 1097 1237 1126 tamen

119 1145 169 1184 ad
198 1145 456 1184 necessitatem
485 1157 614 1190 rerum
640 1144 906 1195 gerendarum,
931 1156 1009 1181 non
1037 1143 1162 1181 solum
1188 1142 1237 1180 ad

118 1199 359 1250 dignitatem,
386 1200 497 1237 valet.
529 1199 667 1249 Itaque
695 1198 764 1236 1113
793 1210 1025 1249 quaeramus,
1052 1210 1139 1248 quae
1172 1195 1238 1234 vix

120 1253 304 1291 hodierno
322 1253 383 1291 die
401 1265 689 1304 consequemur.

176 1307 319 1345 XVII.
350 1307 426 1345 Sed
456 1319 555 1357 saepe
588 1319 697 1357 spero
722 1305 817 1353 fore,
848 1306 964 1354 hujus
994 1274 1240 1344 adolescentis

122 1360 283 1400 ornandi
307 1361 608 1411 honorandique,
637 1368 673 1398 et
696 1359 806 1397 nobis
832 1368 869 1397 et
893 1360 1036 1410 populo
1061 1359 1241 1399 Romano

122 1422 372 1467 potestatem:
402 1415 474 1453 hoc
488 1422 618 1452 autem
632 1422 801 1465 tempore
819 1413 873 1451 ita
887 1426 1019 1451 censeo
1037 1412 1242 1451 decernen-

125 1469 247 1509 dum:
279 1473 308 1492 ‘⁶
323 1468 443 1516 Quod
465 1469 510 1508 C.
532 1469 674 1515 Caesar,
705 1467 789 1506 Caii
814 1467 930 1515 filius,
956 1466 1143 1518 pontifex,
1170 1479 1241 1516 pro

127 1531 302 1575 praetore,
341 1536 494 1561 summo
522 1522 741 1574 reipublicae
774 1528 944 1572 tempore
974 1520 1117 1558 milites
1142 1527 1244 1557 vete-

125 1591 236 1616 ranos
257 1578 306 1616 ad
333 1577 547 1615 libertatem
577 1576 711 1628 populi
737 1575 906 1613 Romani
936 1575 1151 1613 cohortatus
1180 1573 1244 1620 sit,

125 1645 264 1684 eosque
282 1631 566 1683 conscripserit;
596 1630 776 1681 quodque
800 1630 900 1680 legio
919 1629 1065 1666 Martia
1089 1636 1244 1679 quarta-

126 1699 217 1738 que,
238 1699 392 1724 summo
410 1685 550 1732 studio,
566 1684 787 1736 optimoque
801 1684 842 1721 in
837 1661 1139 1734 „rempublicam
1155 1694 1246 1720 con-

127 1753 255 1788 sensu,
283 1740 329 1779 C.
349 1739 500 1778 Caesare
517 1739 613 1777 duce
631 1745 667 1777 et
692 1746 857 1784 auctore,
877 1737 1169 1788 rempublicam,
1198 1735 1248 1773 11-

126 1797 314 1834 bertatem
341 1794 476 1845 populi
503 1792 687 1841 Romani,
722 1791 940 1838 defendant,
971 1790 1243 1833 defenderint;

129 1856 168 1888 et
196 1848 301 1900 quod
334 1849 378 1887 C.
407 1848 548 1894 Caesar,
575 1860 644 1898 pro
673 1854 847 1897 praetore,
876 1845 1014 1883 Galliae
1042 1843 1246 1903 provinciae

129 1915 220 1942 cum
239 1902 405 1941 exercitu
428 1901 596 1940 subsidio
618 1900 808 1953 profectus
834 1900 907 1945 sit;
941 1898 1099 1950 equiteS,
1131 1896 1247 1947 sagit-

130 1957 258 2005 tarios,
275 1956 533 2008 elephantos,
523 1968 564 1993 in
580 1968 690 1993 suam
704 1954 914 2006 populique
934 1952 1102 1991 Romani
1120 1958 1246 2001 potes-

131 2018 251 2050 tatem
268 2010 466 2061 redegerit,
493 2009 793 2059 difficillimoque
817 2006 1035 2058 reipublicae
1060 2014 1248 2065 tempore,

135 2065 251 2103 saluti
288 2064 541 2116 dignitatique
566 2063 700 2115 populi
728 2061 896 2100 Romani
929 2059 1168 2103 s11bvenerit;
1203 2059 1252 2096 ob

133 2132 196 2160 eas
214 2132 344 2157 causas
368 2118 514 2157 senatui
531 2118 693 2170 placere,
710 2116 755 2155 C.
776 2116 980 2164 Caesarem,
1005 2114 1090 2152 Caii
1108 2112 1251 2164 filium,
