1509 2397
441 464 510 512 IN
546 465 614 511 M.
650 464 1013 513 ANTONlUM

481 588 707 637 Philippica
737 587 992 624 Duodecima.

223 694 257 732 Ι.
286 694 403 732 ETSI
423 694 584 732 minime
599 694 730 733 decere
749 694 911 737 videtur,
928 701 1053 746 patres
1078 694 1290 746 conscripti,

168 748 266 796 faui,
280 748 415 800 decipi,
433 762 555 787 errare
567 762 671 797 eum,
693 749 754 786 cui
773 762 837 786 vos
852 749 1032 787 maximis
1051 762 1149 800 saepe
1169 749 1215 786 de
1235 762 1292 787 re-

169 804 242 840 bus
272 803 554 848 assentiamini3
585 803 757 841 consolor
775 816 839 840 me
857 811 1000 849 tamen,
1025 803 1207 854 quoniam
1227 816 1292 840 vo-

170 856 319 894 biscum
341 857 495 908 pariter,
527 865 565 895 et
593 870 673 895 una
698 870 787 895 cum
813 857 1092 908 sapientissimo
1123 858 1290 903 consule,

166 910 298 948 erravi.
331 912 450 958 Nam,
472 924 562 949 cum
580 911 657 949 duo
677 911 890 949 consulares
911 924 1018 962 spem
1036 911 1204 949 honestae
1226 925 1294 962 pa-

169 964 222 1002 cis
241 965 350 1002 nobis
368 965 599 1012 attulissent,
621 965 725 1016 quod
744 974 850 1002 erant
868 965 1074 1003 familiares
1093 965 1155 1002 M.
1169 966 1295 1003 Anto-

168 1018 238 1065 nii,
274 1019 378 1070 quod
406 1019 629 1064 domestici3
672 1022 783 1057 nosse
819 1019 977 1070 aliquod
1013 1021 1095 1069 ejus
1133 1020 1289 1065 vulnus,

166 1072 274 1123 quod
292 1073 400 1111 nobis
411 1074 588 1124 ignotum
603 1081 711 1120 esset,
725 1073 964 1111 videbantur.
996 1073 1116 1125 Apud
1128 1074 1292 1112 alterum

170 1139 281 1174 uxor,
310 1127 446 1172 liberi3
478 1128 571 1165 alter
589 1127 760 1179 quotidie
778 1127 905 1165 literas
925 1128 1088 1176 mittere,
1109 1128 1290 1180 accipere,

169 1189 299 1232 aperte
318 1181 445 1219 favere
465 1182 648 1220 Antonio.

221 1235 279 1273 Hi
299 1236 424 1274 subito
442 1235 587 1274 hortari
608 1235 657 1273 ad
676 1248 809 1287 pacem
830 1235 952 1286 (quod
967 1235 1118 1284 jamdiu
1137 1249 1215 1274 non
1234 1236 1291 1275 fe-

166 1288 322 1338 cissent)
343 1302 421 1328 non
451 1289 532 1328 sine
551 1291 665 1328 causa
683 1289 921 1327 videbantur.
961 1290 1134 1328 Accessit
1160 1291 1293 1328 consul

169 1344 363 1382 hortator:
395 1351 433 1382 at
452 1344 520 1395 qui
544 1345 711 1382 consul?
742 1344 774 1381 si
798 1343 1043 1395 prudentiam
1069 1345 1292 1395 quaerimus,

166 1397 235 1449 qui
253 1398 413 1436 minime
432 1398 515 1436 falli
534 1406 684 1449 posset;
715 1398 747 1436 si
761 1398 956 1443 virtutem,
973 1398 1041 1449 qui
1055 1399 1204 1436 nullam
1216 1399 1292 1450 'pa-

167 1465 251 1490 cem
276 1454 465 1504 probaret,
493 1452 568 1490 nisi
586 1452 760 1490 Antonio
786 1452 940 1490 cedente
969 1461 1084 1503 atque
1103 1453 1226 1498 vict03
1258 1453 1291 1491 si

166 1506 475 1557 magnitudinem
487 1507 621 1554 animi,
639 1507 706 1558 qui
719 1506 914 1557 praeferret
929 1514 1090 1544 mortem
1104 1507 1287 1545 servituti.

170 1560 252 1599 Vos
277 1568 422 1608 autem,
451 1568 574 1612 patres
600 1560 815 1612 conscripti,
839 1572 917 1597 non
943 1568 1023 1598 tam
1048 1560 1292 1600 immemores

169 1622 383 1653 vestrorum
421 1615 733 1666 gravissimomm
769 1615 1007 1652 decretorum
1043 1614 1292 1664 videbamini,

169 1682 303 1720 quam,
324 1682 390 1720 spe
408 1669 524 1707 allata
543 1669 744 1707 deditionis
775 1673 912 1720 (quam
934 1668 1049 1707 amici
1072 1682 1206 1720 pacem
1226 1683 1294 1721 ap-

168 1723 387 1774 pellarent),
408 1723 456 1762 de
488 1723 744 1775 imponendis,
771 1735 847 1760 non
867 1722 914 1760 de
933 1723 1171 1774 accipiendis,
1198 1723 1295 1775 legi-

168 1779 241 1815 bus
261 1778 437 1828 cogitare.
478 1778 657 1816 Auxerat
684 1786 814 1815 autem
839 1789 966 1814 meam
990 1776 1146 1828 quidem
1166 1791 1290 1829 spem,

169 1832 280 1870 credo
297 1832 391 1870 item
410 1839 589 1879 vestram,
621 1831 726 1883 quod
746 1831 909 1869 domum
927 1831 1092 1869 Antonii
1111 1831 1292 1870 afflictam

168 1886 349 1924 moestitia
377 1886 595 1934 audiebam,
626 1885 828 1924 lamentari
856 1898 1029 1923 uxorem.
1071 1885 1152 1923 Hic
1176 1886 1292 1924 etiam

167 1939 336 1978 fautores
350 1940 529 1987 Antonii,
544 1953 710 1992 quorum
724 1940 765 1977 in
778 1940 887 1977 vultu
899 1939 1074 1977 habitant
1088 1940 1188 1978 oculi
1200 1941 1290 1988 mei,

170 1994 352 2032 tristiores
371 1994 560 2032 videbam.
590 1994 709 2042 Quod
728 1994 759 2032 si
777 2007 854 2032 non
872 1993 926 2030 ita
941 2002 1010 2039 est,
1026 2007 1093 2032 cur
1111 2007 1134 2031 a
1153 1994 1292 2033 Pisone

171 2056 209 2086 et
228 2062 250 2085 a
279 2048 423 2086 Caleno
452 2049 708 2099 potissimum,
734 2061 800 2086 cur
824 2048 896 2085 hoc
921 2055 1104 2098 tempore,
1126 2061 1194 2086 cur
1212 2057 1294 2087 tam

172 2102 391 2153 improviso,
413 2116 479 2141 cur
498 2111 579 2141 tam
608 2109 776 2154 repente,
796 2102 899 2153 pacis
922 2109 978 2139 est
996 2102 1099 2140 facta
1116 2103 1261 2142 mentio
1277 2106 1295 2142 ?

175 2156 306 2207 Negat
325 2156 416 2195 Piso
435 2157 529 2195 scire
543 2170 597 2203 se,
619 2164 732 2207 negat
744 2156 909 2202 audisse,
926 2155 1160 2208 quidquam:
1182 2165 1297 2208 negat

175 2210 358 2260 Calenus,
379 2224 462 2249 rem
480 2212 603 2250 ullam
627 2223 768 2250 novam
787 2210 945 2249 allatam
963 2223 1056 2249 esse.
1096 2213 1232 2263 Atque
1256 2211 1296 2250 id
