1509 2397
271 107 354 144 308
491 103 830 144 PHILIPPICA
850 102 977 144 vm.
1004 103 1109 144 CAP.
1131 104 1169 142 2.

276 212 442 250 Gravius
462 219 591 250 autem
615 210 829 250 tumultum
854 224 945 260 8338,
972 223 1090 263 quam
1107 210 1268 259 bellum,
1299 208 1388 249 hinc

273 265 438 316 intelligi
455 265 556 313 licet,
576 266 680 317 quod
703 266 802 304 bello
822 265 1032 305 vacationes
1050 265 1190 312 valent,
1217 264 1387 302 tumultu

279 332 356 357 non
387 319 526 357 valent.
567 320 630 357 Ita
661 319 719 367 fit,
753 318 1095 370 (quemadmodum
1121 317 1218 365 dixi)
1247 325 1293 356 ut
1309 317 1391 356 bel-

274 373 360 410 lum
393 373 474 411 sine
507 373 679 410 tumultu
708 373 840 424 possit,
874 373 1066 410 tumultus
1091 372 1170 410 sine
1193 371 1295 410 bello
1313 383 1391 409 esse

277 439 355 465 non
384 427 512 477 possit.
543 426 714 474 Etenim,
746 439 850 474 cum,
885 426 984 464 inter
1012 426 1158 464 bellum
1184 432 1221 463 et
1242 437 1390 476 pacem,

276 479 449 518 medium
463 480 561 517 nihil
580 480 627 517 sit
640 494 652 525 ς
682 492 831 518 necesse
843 487 912 527 est,
927 479 1154 526 tumultum,
1168 478 1199 516 si
1211 478 1303 516 belli
1313 489 1392 515 non

275 533 341 580 sit,
363 534 465 594 pacis
484 546 586 579 esse,
576 547 584 556 ·
617 547 697 593 quo
714 533 810 594 quid
833 533 1035 571 absurdius
1061 532 1135 570 dici
1165 538 1233 570 aut
1262 531 1393 570 existi-

278 587 375 624 mari
394 587 545 638 potest?
574 562 649 625 Sed
661 587 773 625 nimis
789 588 914 625 multa
932 586 979 624 de
997 587 1137 624 verbo:
1167 598 1249 623 rem
1266 585 1394 636 potius

275 640 488 687 videamus,
510 648 634 691 patres
654 641 868 692 conscripti,
893 653 1012 691 quam
1038 639 1197 691 quidem
1222 638 1394 690 intelligo

280 696 395 732 verbo
414 694 495 732 fieri
513 694 707 732 interdum
724 694 950 733 deteriorem
970 694 1100 732 solere.

332 747 391 785 ΙΙ.
435 748 632 786 Nolumus
664 748 737 786 hoe
765 749 913 786 bellum
945 747 1076 785 videri.
1117 746 1250 794 Quam
1277 745 1396 797 igitur

277 800 496 852 municipiis
524 809 561 839 et
586 801 754 850 coloniis,
787 801 836 839 ad
863 800 1145 840 excludendum
1163 800 1395 861 Antonium,

279 855 543 893 auctoritatem
562 855 728 893 damus?
757 868 890 907 quam,
910 861 955 892 ut
973 853 1113 892 milites
1132 853 1228 892 fiant
1243 853 1322 892 sine
1340 853 1394 903 vi,

275 909 357 946 sine
384 909 522 955 multa,
543 909 669 946 studio
688 916 724 947 et
741 908 968 947 voluntate?
997 921 1130 969 quam,
1153 914 1198 945 ut
1215 906 1394 959 pecunias

278 961 319 999 in
338 962 614 1023 rempublicam
632 962 909 1023 polliceantur?
939 962 982 1001 Si
1008 962 1111 1000 enim
1135 961 1227 1000 belli
1254 972 1395 999 nomen
1443 998 1446 999 γ

279 1015 439 1062 tollitur,
467 1016 765 1067 municipiorum
794 1016 920 1054 studia
948 1016 1163 1053 tolluntur:
1193 1026 1398 1053 consensus

280 1069 415 1120 populi
435 1069 618 1116 Romani,
640 1070 706 1120 qui
722 1071 806 1119 jam
825 1069 1017 1108 descendit
1033 1069 1074 1106 in
1093 1081 1259 1116 causam,
1281 1068 1314 1106 si
1327 1080 1397 1106 nos

279 1123 573 1173 languescimus,
583 1123 812 1171 debilitetur,
823 1136 971 1162 necesse
983 1130 1049 1161 est.
1070 1122 1145 1161 Sed
1156 1122 1249 1173 quid
1260 1121 1396 1172 plura?

283 1175 337 1213 D.
369 1177 516 1214 Brutus
539 1184 808 1227 oppugnatur:
841 1190 918 1215 non
949 1184 1004 1215 est
1031 1176 1206 1215 bellum?
1239 1175 1398 1213 Mutina

279 1229 499 1268 obsidetur:
529 1242 577 1268 ne
594 1230 666 1268 hoc
684 1231 841 1282 quidem
858 1231 1006 1269 bellum
1024 1230 1105 1268 8319
1135 1229 1263 1268 Gallia
1276 1235 1402 1267 vasta„-

281 1289 369 1321 tur:
401 1297 487 1335 quae
501 1291 624 1335 potest
635 1297 712 1335 pax
727 1297 806 1322 esse
821 1284 981 1323 certior?
1010 1283 1118 1322 Illud
1132 1296 1218 1322 vero
1233 1283 1318 1334 quis
1331 1295 1403 1334 po-

280 1343 356 1374 test
374 1337 520 1375 bellum
539 1350 617 1375 esse
636 1338 779 1376 dicere.
769 1338 787 1362 9
830 1338 1051 1385 Consulem,
1076 1337 1326 1375 fortissimum
1344 1336 1403 1374 vi-

282 1402 386 1438 rum,
400 1403 490 1428 cum
509 1391 675 1429 exercitu
686 1392 887 1438 misimus3
918 1392 999 1443 qui,
1015 1404 1104 1430 cum
1119 1398 1213 1429 esset
1226 1389 1402 1428 infirmus

282 1456 335 1481 ex
354 1445 459 1494 gravi
477 1445 735 1496 diuturnoque
752 1447 900 1494 morbo,
914 1445 1063 1483 nullam
1082 1444 1154 1483 sibi
1170 1443 1320 1495 putavit
1338 1456 1407 1482 ex-

286 1498 523 1536 cusationem
542 1512 622 1537 esse
641 1507 824 1551 oportere,
855 1512 945 1538 cum
963 1499 1012 1537 ad
1029 1498 1246 1551 reipublicae
1274 1497 1407 1549 praesi-

283 1550 397 1589 (lium
427 1560 634 1591 vocaretur.
676 1553 721 1592 C.
746 1553 904 1605 quidem
930 1552 1057 1591 caesar
1078 1565 1156 1591 non
1174 1551 1405 1613 exspectavit

288 1612 416 1643 nostra
433 1605 595 1654 decreta,
611 1607 820 1658 praesertim
835 1620 925 1645 cum
944 1614 1038 1645 esset
1054 1605 1152 1644 illud
1164 1606 1407 1644 aetatis.be1-

287 1657 372 1695 lum
391 1667 520 1697 contra
538 1661 758 1699 Antonium
788 1674 861 1699 sua
885 1668 1018 1712 sponte
1047 1659 1221 1711 suscepit.
1261 1658 1406 1697 Decer-

288 1711 404 1750 nendi
422 1714 525 1750 enim
543 1721 620 1751 tem
624 1727 697 1765 pus
712 1714 885 1752 nondum
900 1721 1002 1752 erat:
1024 1713 1115 1752 belli
1128 1719 1258 1751 autem
1272 1725 1407 1764 geren-

286 1763 331 1802 di
355 1772 506 1817 tempus
526 1767 557 1804 si
575 1768 900 1819 praetermisisset3
930 1767 1095 1816 videbat,
1122 1766 1317 1817 republica
1336 1780 1406 1819 op-

289 1819 433 1868 pressa,
453 1820 551 1858 1111111
569 1834 677 1872 posse
695 1821 856 1859 decerni.
886 1822 992 1872 Ergo
1010 1821 1068 1859 illi
1085 1833 1201 1868 nunc,
1224 1827 1261 1858 et
1272 1832 1403 1858 eorum

288 1872 492 1920 exercitus,
512 1874 553 1912 in
571 1888 665 1925 pace
682 1882 901 1913 versantur:
931 1887 1010 1913 non
1027 1881 1084 1913 est
1096 1873 1244 1912 hostis
1233 1886 1278 1922 1s,
1294 1875 1405 1924 cujus

292 1925 512 1975 praesidium
538 1927 722 1967 Claterna
740 1928 875 1978 dejecit
894 1928 1070 1967 Hirtius:
1100 1940 1178 1966 non
1198 1934 1255 1966 est
1272 1927 1403 1977 hostis,

293 1977 365 2028 qui
387 1980 529 2017 consuli
555 1989 724 2020 armatus
752 1982 912 2031 obsistit,
942 1981 1184 2034 designatum
1211 1982 1405 2023 consulem

291 2040 516 2082 oppugnat:
546 2046 614 2074 nec
633 2036 700 2073 illa
716 2035 870 2074 hostilia
898 2037 1027 2083 verba,
1054 2047 1123 2074 nec
1149 2035 1298 2083 bellica,
1319 2048 1406 2086 quae

295 2084 412 2145 paulo
431 2094 519 2124 ante
537 2100 583 2126 ex
601 2090 755 2140 collegae
772 2090 890 2128 literis
908 2090 1035 2129 Pansa
1051 2089 1244 2128 recitavit:
1276 2090 1304 2110 ‘⁶
1324 2088 1405 2127 De·

290 2137 368 2185 jeci
389 2139 629 2189 prandium.
660 2143 839 2181 Claterna
855 2143 998 2196 potitus
1017 2155 1127 2182 sum:
1158 2141 1280 2194 fugati
1297 2142 1403 2194 equi-

296 2197 378 2230 tes:
395 2193 573 2244 proelium
586 2196 856 2237 commissum:
877 2197 986 2237 occisi
1001 2197 1171 2249 aliquot?
1175 2197 1187 2214 '
1213 2196 1314 2245 Quae
1327 2209 1404 2248 pax
