1509 2397
196 70 247 105 82
458 69 573 109 PRO
602 68 850 109 MILONE.
881 69 988 109 CAP.

200 174 305 236 nitis,
325 176 429 215 unde
448 177 578 229 aliqua
605 191 694 230 pars
721 178 795 217 fori
822 178 967 230 adspici
984 184 1123 230 potest,
1143 184 1182 217 et
1201 177 1320 228 hujus

201 229 351 268 exitum
365 231 502 281 judicii
520 240 793 284 exspectantes,
824 245 915 281 non,
937 245 1026 271 cum
1045 232 1179 270 virtuti
1197 232 1320 270 Milo-

201 283 262 321 nis
291 284 406 333 favet,
438 292 524 323 tum
553 286 600 324 de
628 300 680 334 se,
701 287 749 325 de
777 287 905 325 liberis
931 286 1023 336 suis,
1044 286 1091 325 de
1113 285 1252 338 patria,
1272 285 1320 324 de

202 336 381 386 fortunis,
401 339 583 378 hodierno
601 341 662 379 die
680 341 862 379 decertari
879 348 1003 392 putat.

260 392 319 430 II.
348 393 485 431 Unum
504 407 625 444 genus
638 402 693 432 est
707 395 909 433 adversum
923 395 1184 446 infestumque
1195 393 1320 443 nobis,

205 458 352 494 eorum,
373 460 468 508 quos
498 448 544 485 P.
577 448 704 487 Clodii
721 448 826 487 furor
851 449 993 500 rapinis
1016 455 1054 486 et
1077 448 1261 487 incendiis
1289 455 1327 486 et

205 501 383 539 omnibus
408 501 532 540 exitiis
561 502 725 553 publicis
751 503 880 554 pavit:
911 502 980 555 qui
1005 501 1182 541 11551;51·115
1209 502 1326 541 etiam

205 555 384 593 concione
402 555 548 594 incitati
567 564 669 605 sunt,
700 564 744 594 ut
768 557 874 595 vobis
897 570 987 595 voce
1015 556 1206 608 praeirent,
1231 555 1327 608 quid

203 607 434 656 judicaretis.
465 609 645 657 Quorum
675 611 818 649 51511101·
843 612 874 649 51
900 611 968 662 (151
985 610 1082 650 forte
1110 610 1239 671 fuerit,
1260 609 1328 648 ad-

208 674 363 702 monere
392 676 457 702 vos
490 664 655 711 debebit,
684 672 729 702 ut
760 678 848 703 eum
871 665 993 703 civem
1022 664 1230 726 retineatis,
1261 664 1331 716 qui

208 728 357 768 semper
367 730 488 784 genus
501 718 598 756 illud
612 719 831 767 hominum,
847 720 1108 770 clamoresque
1119 719 1325 779 maximos,

209 783 280 831 pro
306 773 431 811 vestra
454 772 575 810 salute
604 773 785 824 neglexit.
815 773 1081 821 Quamobrem
1100 772 1226 811 adeste
1245 772 1328 810 ani-

209 824 298 884 mis,
316 826 491 874 judices3
525 834 562 864 et
581 827 773 875 timorem,
804 827 837 866 51
867 840 984 878 quem
1016 826 1180 875 habetis,
1210 826 1328 878 depo-

207 877 299 916 nite.
329 880 452 928 Nam,
474 881 504 918 51
522 893 695 932 unquam
723 882 771 920 de
794 882 904 920 bonis
927 888 964 919 et
982 881 1145 920 fortibus
1173 880 1278 928 viris,
1297 880 1331 919 si

207 945 382 984 unquam
402 934 449 973 de
467 936 564 972 bene
582 935 726 973 meritis
745 935 904 983 civibus,
919 942 1085 987 potestas
1104 934 1212 974 vobis
1226 934 1331 984 judi-

206 987 321 1025 candi
339 987 441 1034 fuit3
473 988 503 1026 si
522 989 686 1050 denique
698 1002 873 1041 unquam
883 990 989 1028 locus
1003 988 1331 1041 amplissimorum

209 1040 391 1080 ordinum
410 1042 563 1081 delectis
588 1043 678 1081 viris
697 1043 808 1082 datus
827 1051 896 1091 est,
916 1043 986 1082 ubi
1009 1056 1080 1082 sua
1098 1042 1225 1081 studia
1242 1055 1333 1094 erga

210 1093 326 1134 fortes
345 1103 382 1134 et
399 1098 518 1135 bonos
538 1097 650 1145 cives,
667 1111 754 1149 quae
773 1098 884 1136 vultu
899 1105 937 1136 et
954 1098 1078 1136 verbis
1097 1110 1196 1148 saepe
1215 1096 1333 1148 signi-

213 1147 400 1199 ficassent,
424 1164 465 1189 re
497 1159 535 1189 et
566 1152 760 1190 sententiis
785 1151 1042 1197 declararent3
1072 1152 1144 1189 hoc
1162 1151 1332 1202 profecto

212 1210 384 1264 tempore
403 1217 488 1243 eam
507 1212 733 1267 potestatem
752 1218 907 1244 omnem
926 1218 992 1244 vos
1009 1205 1172 1252 habetis,
1192 1212 1239 1243 ut
1256 1213 1332 1243 sta-

211 1258 342 1306 tuatis,
363 1265 495 1296 utrum
514 1271 596 1307 nos,
619 1260 687 1311 qui
715 1273 864 1321 semper
882 1266 1015 1298 vestrae
1033 1259 1248 1298 auctoritati
1266 1258 1334 1297 de-

213 1311 284 1349 diti
301 1312 461 1360 fuimus,
483 1326 632 1364 semper
649 1314 780 1352 miseri
796 1315 1014 1365 lugeamus,
1035 1325 1099 1361 an,
1119 1313 1187 1351 diu
1206 1312 1334 1351 vexati

213 1378 236 1403 a
254 1367 517 1427 perditissimis
536 1368 594 1406 cix
596 1368 699 1430 ibus,
712 1367 918 1429 aliquando
937 1380 1004 1419 per
1015 1380 1095 1416 vos,
1108 1380 1152 1406 ac
1170 1374 1332 1406 vestram

214 1419 346 1468 fidem,
368 1421 564 1470 virtutem,
580 1422 897 1474 sapientiamque,
917 1435 1143 1460 recreemur.

268 1474 378 1522 Quid
408 1475 510 1513 enim
541 1477 651 1515 nobis
680 1476 844 1538 duobus,
873 1476 1036 1526 judices,
1070 1475 1330 1514 laboriosius?

214 1528 310 1579 quid
327 1529 451 1580 1115315
463 1530 682 1578 sollicitum,
694 1531 819 1581 magis
830 1531 1053 1591 exercitum,
1070 1530 1145 1569 dici
1158 1537 1227 1568 aut
1238 1528 1336 1580 fingi

213 1583 370 1633 potest?
393 1584 474 1635 qui,
491 1597 557 1635 spe
571 1585 898 1636 amplissimorum
909 1584 1155 1636 praemiorum
1170 1583 1221 1622 ad
1234 1595 1338 1622 rem-

213 1637 410 1687 publicam
429 1638 598 1688 adducti,
618 1647 727 1677 metu
755 1638 1103 1677 crudelissimorum
1129 1637 1336 1689 supplicio-

214 1702 305 1728 rum
334 1704 459 1729 carere
488 1704 565 1730 non
596 1706 811 1744 possumus.
841 1692 1037 1744 Equidem
1061 1699 1214 1731 caeteras
1235 1699 1335 1730 tem-

214 1752 379 1796 pestates
398 1753 435 1784 et
460 1747 687 1797 procellas,
676 1760 718 1785 m
735 1747 812 1785 11115
830 1747 1019 1786 duntaxat
1037 1746 1218 1785 fluctibus
1243 1758 1335 1784 con-

215 1798 383 1847 cionum,
405 1812 553 1852 semper
571 1802 705 1852 putavi
724 1801 870 1840 Miloni
888 1814 966 1840 esse
985 1800 1217 1848 subeundas,
1229 1799 1336 1852 quod

216 1865 367 1904 semper
379 1866 449 1905 pro
467 1855 576 1893 bonis
595 1863 726 1893 contra
742 1855 937 1917 improbos
956 1863 1144 1894 senserat:
1174 1854 1216 1892 in
1231 1853 1337 1902 judi-

217 1907 276 1945 cio
294 1920 396 1955 vero,
417 1914 454 1946 et
472 1908 513 1946 in
533 1921 576 1946 eo
601 1909 770 1958 consilio,
793 1910 834 1948 in
853 1922 931 1961 quo
953 1922 1002 1948 ex
1024 1908 1169 1948 cunctis
1194 1907 1338 1946 ordini-

217 1962 291 1999 bus
309 1961 536 2013 amplissimi
556 1963 626 2000 viri
646 1963 877 2012 judicarent,
898 1975 1101 2024 nunquam
1120 1961 1337 2001 existimavi

217 2028 326 2067 spem
344 2017 467 2054 ullam
486 2029 564 2054 esse
582 2017 779 2056 habituros
795 2017 981 2056 Milonis'
971 2017 1170 2064 inimicos,-
1167 2015 1224 2054 ad
1239 2017 1336 2066 ejus,

215 2081 293 2107 non
325 2071 486 2109 salutem
514 2071 630 2110 modo
659 2071 993 2122 exstinguendam,
1022 2071 1088 2110 sed
1109 2071 1225 2110 etiam
1253 2070 1338 2122 glo-

216 2123 314 2164 riam
333 2138 400 2176 per
418 2125 513 2164 tales
530 2125 629 2164 viros
647 2125 944 2177 infringendam.

229 2177 564 2232 Quamquam,
553 2192 593 2218 111
616 2179 688 2218 hac
710 2180 840 2228 causa,
860 2180 1026 2230 judices,
1053 2178 1104 2219 Τ.
1120 2177 1249 2219 Annii
1271 2177 1342 2217 tri-
