1509 2397
405 80 747 125 PHILIPPICA
771 82 820 120 V.
843 81 949 120 CAP.
971 84 1008 119 5.
1189 82 1264 126 271

143 230 148 234 ,
199 190 340 242 Neque
367 189 493 228 solum
523 190 806 229 commentariis
836 189 1124 236 commenticiis,
1145 190 1272 228 chiro-

143 244 376 296 graphisque
388 243 600 291 venalibus,
615 244 906 282 innumerabilis
917 243 1079 295 pecunia
1091 252 1271 295 congesta

145 300 187 337 in
205 298 315 337 illam
333 297 494 336 domum
514 305 583 347 est,
604 311 708 347 cum,
738 312 826 351 quae
848 298 1035 336 vendebat
1054 298 1269 346 Antonius,

144 367 190 392 ea
218 365 258 391 se
287 365 335 390 ex
365 353 458 390 actis
484 351 645 391 Caesaris
677 366 789 404 agere
818 352 982 397 diceret3
1028 352 1094 389 sed
1120 355 1273 390 senatus

144 407 261 446 etiam
280 407 466 454 consulta,
486 407 648 458 pecunia
663 406 831 458 accepta,
845 405 942 443 falsa
956 405 1160 443 referebat:
1183 419 1273 457 syn-

145 461 303 512 graphae
321 461 648 512 obsignabantur:
679 459 1038 505 senatus-consulta,
1069 467 1272 510 tamquam

144 515 259 562 facta,
281 514 330 553 ad
348 515 526 553 aerarium
554 515 826 554 referebantur.
865 515 999 563 Hujus
1022 513 1271 565 turpitudinis

146 577 259 608 testes
285 576 392 607 erant
410 569 526 607 etiam
555 578 694 608 exterae
722 569 908 607 nationes.
951 568 983 605 F
986 568 1110 606 oedera
1129 568 1273 605 interea

144 623 271 669 facta3
301 635 419 674 regna
437 623 554 668 data3
585 624 733 675 populi,
765 622 1048 675 provinciaeque
1076 622 1272 667 fiberatae;

145 690 357 729 earumque
381 690 509 715 rerum
530 677 635 716 falsae
654 679 810 725 tabulae,
835 684 1010 728 gemente
1027 676 1172 727 populo
1193 676 1275 713 Ro-

145 744 276 779 mano,
293 739 372 770 toto
391 731 581 783 Capitolio
601 732 829 783 figebantur.
860 731 1016 779 Quibus
1034 732 1148 769 rebus
1168 738 1276 768 tanta

146 786 310 838 pecunia
324 785 404 823 una
423 785 463 823 ‘m
483 786 598 824 domo
614 794 831 824 coacervata
850 794 919 832 est,
940 793 998 831 ut,
1020 785 1052 822 si
1066 785 1138 823 hoc
1153 796 1276 835 genus

149 840 213 890 [in
230 841 376 891 unum]
397 839 607 892 redigatur,
622 853 700 879 non
719 841 768 879 sit
786 841 948 892 pecunia
961 839 1107 891 populo
1127 839 1276 877 Roma-

149 907 201 934 no
220 895 412 933 defutura.

206 950 258 989 V.
290 950 331 987 Is
350 948 465 988 etiam
482 949 608 1000 legem
623 949 868 1000 judiciariam
895 949 998 996 tulit,
1018 949 1136 987 homo
1155 956 1279 987 castus

154 1012 271 1056 atque
288 1004 448 1054 integer,
465 1004 699 1053 judiciorum
715 1011 751 1042 et
767 1005 865 1054 juris
884 1012 1026 1042 auctor.
1058 1004 1106 1041 In
1119 1016 1196 1054 quo
1210 1015 1280 1040 nos

157 1058 304 1098 fefellit.
343 1058 645 1109 Antesignanos,
668 1066 705 1096 et
727 1058 1000 1110 manipulares,
1031 1065 1068 1095 et
1085 1057 1278 1104 Alaudas,

153 1113 302 1165 judicas
321 1126 360 1151 se
374 1113 612 1151 constituisse
629 1112 800 1151 dicebat:
833 1122 872 1151 at
889 1113 953 1150 ine
971 1112 1064 1163 legit
1083 1112 1280 1158 aleatores,

157 1168 253 1220 legit
277 1167 442 1216 exsules,
471 1167 566 1219 legit
600 1166 765 1205 Graecos.
807 1167 845 1206 O
866 1179 1083 1205 consessum
1103 1165 1282 1215 judicum

160 1222 409 1275 praeclarum!
432 1234 454 1259 0
465 1221 691 1273 dignitatem
705 1221 851 1259 consilii
866 1220 1153 1259 admirandam!
1176 1220 1282 1257 Avet

158 1277 312 1316 animus
330 1275 434 1327 apud
453 1275 654 1313 consilium
671 1275 771 1313 illud
789 1288 859 1326 pro
884 1288 948 1313 reo
973 1274 1109 1320 dicere,
1131 1273 1283 1325 Cydam

159 1332 394 1379 Cretensem,
424 1337 646 1381 portentum
675 1330 825 1375 insulae,
851 1328 1048 1367 hominem
1079 1327 1284 1366 audacissi-

157 1398 270 1424 mum
289 1391 327 1423 et
344 1384 658 1436 perditissimum.
696 1384 772 1422 Sed
800 1383 861 1421 fac
890 1383 945 1420 ita
973 1395 1050 1420 non
1074 1395 1165 1428 esse,
1186 1394 1284 1419 num

159 1439 300 1479 Latine
319 1439 418 1477 scit?
448 1451 546 1476 num
566 1446 622 1476 est
647 1451 695 1476 ex
710 1437 888 1487 judicum
913 1449 1050 1488 genere
1069 1444 1106 1474 et
1124 1435 1250 1474 forma
1264 1438 1282 1474 ,⁹

159 1507 257 1532 num
289 1494 391 1544 leges
420 1500 580 1540 nostras,
614 1505 800 1538 moresve,
832 1491 967 1530 novit?
996 1503 1092 1528 num
1119 1490 1284 1541 denique

157 1548 365 1587 homines?
395 1556 451 1586 est
469 1547 573 1585 enim
593 1546 708 1584 Creta
726 1546 833 1584 vobis
858 1545 995 1592 notior,
1017 1558 1134 1596 quam
1157 1545 1287 1582 Roma

161 1603 293 1655 Cydae.
322 1602 507 1640 Delectus
522 1608 652 1639 autem
671 1608 708 1639 et
726 1600 870 1639 notatio
886 1600 1078 1650 judicum,
1110 1599 1224 1637 etiam
1244 1598 1285 1636 in

158 1657 298 1697 nostris
317 1656 476 1705 civibus,
489 1655 623 1694 haberi
636 1655 742 1693 solet.
765 1654 999 1706 Gortynium
1014 1667 1103 1692 vero
1115 1653 1286 1702 judicem

159 1712 247 1764 quis
264 1711 386 1760 novit,
407 1718 475 1749 aut
502 1709 589 1762 quis
616 1712 727 1748 nesse
753 1708 910 1761 potuit?
941 1709 1048 1746 Nam
1077 1707 1288 1759 Lysiadem

159 1765 441 1805 Atheniensem
471 1764 642 1816 plerique
672 1764 876 1805 novimus:
907 1770 964 1801 est
992 1763 1095 1800 enim
1115 1761 1285 1808 Phaedri,

158 1816 379 1873 philosophi
397 1819 550 1866 nobilis,
570 1818 697 1856 filius:
718 1818 835 1856 homo
849 1825 1030 1869 praeterea
1048 1816 1221 1864 festivus,
1246 1824 1288 1852 ut

160 1875 196 1913 ei
214 1888 305 1913 eum
323 1874 387 1912 Μ’
410 1872 544 1921 Curio,
564 1885 778 1911 consessore
797 1872 932 1911 eodem
951 1879 988 1910 et
1007 1871 1206 1918 collusore,
1227 1869 1286 1907 fa-

160 1929 303 1968 cillime
321 1928 439 1980 possit
457 1927 669 1967 convenire.
1231 1924 1236 1926 ’

217 1983 362 2031 Quaero
383 1982 516 2034 igitur,
537 1981 569 2020 si
599 1981 801 2033 Lysiades,
822 1981 959 2020 citatus
974 1980 1110 2031 judex,
1131 1991 1209 2017 non
1228 1991 1290 2016 re-

157 2037 370 2090 sponderit,
387 2044 667 2088 excuseturque
677 2036 929 2088 Areopagites
949 2048 1043 2082 esse,
1064 2046 1133 2072 nec
1152 2033 1290 2071 debere

164 2092 298 2130 eodem
312 2099 484 2142 tempore
503 2091 642 2129 Romae
661 2097 698 2128 et
716 2090 884 2128 Athenis
895 2103 954 2128 res
969 2088 1166 2139 judicare3
1191 2085 1290 2124 acci-

164 2146 291 2197 pietne
302 2145 586 2184 excusationem
598 2144 629 2183 is
644 2144 712 2196 qui
728 2144 929 2196 quaestioni
940 2142 1103 2196 praeerit,
1119 2140 1290 2179 Graeculi

161 2199 315 2254 judicis,
335 2199 450 2239 modo
469 2198 630 2251 palliati,
651 2198 765 2238 modo
785 2198 935 2251 togati?
966 2210 1015 2237 an
1042 2194 1291 2235 Atheniensi-
