1509 2397
321 57 790 105 PHILIPPICA-VII.
820 58 926 97 CAP.
958 61 1007 102 5.,
1142 61 1227 99 3013

101 165 245 213 sionem
261 165 408 216 populo
427 166 605 214 Romano
623 165 871 216 probavisse?
901 179 977 204 non
993 166 1218 218 intelligitis,

100 231 178 257 non
207 219 359 266 auditis,
393 231 520 257 meam
551 219 777 257 sententiam
810 220 972 270 flagitari
987 223 1003 258 ἓ
1033 221 1094 259 0111
1130 234 1219 259 cum

99 272 221 324 pridie
248 273 463 324 frequentes
493 273 618 311 essetis
648 273 802 320 assensi,
832 274 1012 324 postridie
1037 274 1085 312 ad
1111 268 1231 326 spem'

99 326 188 365 estis
213 327 367 364 inanem
385 327 488 378 pacis
507 326 687 364 devoluti.
728 327 860 374 Quam
887 335 997 378 turpe
1016 341 1127 379 porro
1146 336 1216 376 est,

98 380 264 432 legiones
283 380 332 419 ad
351 388 526 418 senatum
540 381 683 431 legatos
695 381 858 427 mittere,
880 390 1053 419 senatum
1069 382 1118 419 ad
1129 383 1222 419 An·-

97 434 280 474 tonium?
309 434 561 485 Quamquam
580 434 647 471 illa
663 434 802 485 legatio
821 447 898 472 non
919 443 993 472 est:
1016 435 1217 474 denuntia-

96 487 151 526 tio
165 496 233 535 est,
247 496 424 540 paratum
440 488 497 525 1111
512 488 688 534 exitium,
709 488 781 525 nisi
794 489 962 539 paruerit
975 489 1065 527 huic
1079 489 1215 527 ordini.

97 541 206 590 Quid
223 542 368 581 refert?
395 550 522 579 tamen
541 542 670 593 opinio
689 549 744 579 est
762 543 922 592 gravior.
952 543 1093 580 Missos
1113 543 1216 580 enim

95 596 240 647 legatos
259 609 392 635 omnes
411 596 558 634 vident:
582 595 719 634 decreti
735 596 846 634 vestri
865 608 941 634 non
956 609 1087 635 omnes
1102 598 1219 635 verba

94 657 292 688 noverunt.

151 704 202 743 V.
236 704 453 743 Retinenda
467 712 523 743 est
535 704 653 755 igitur
671 705 777 743 vobis
797 704 1019 751 constantia,
1033 705 1211 755 gravitas,

97 758 393 810 perseverantia:
423 759 627 809 repetenda
646 766 701 797 est
719 767 826 797 vetus
844 759 912 797 illa
930 759 1104 797 severitas
1121 774 1133 804 ς
1163 760 1215 798 51-

90 812 247 863 quidem
262 813 462 850 auctoritas
474 815 623 850 senatus
638 813 764 856 decus,
777 813 1028 860 honestatem,
1041 813 1211 862 laudem,

94 865 320 917 dignitatem
339 866 548 911 desiderat3
571 867 712 917 quibus
726 867 788 905 hic
806 867 898 905 ordo
914 867 1034 905 caruit
1046 867 1212 906 nimium

92 919 171 968 diu.
215 920 292 959 Sed
321 928 400 958 erat
423 928 514 958 tunc
539 920 730 959 excusatio
755 921 956 972 oppressis,
985 921 1123 964 misera
1144 921 1212 959 illa

93 974 265 1025 quidem,
286 974 351 1012 sed
370 981 497 1012 tamen
514 975 641 1023 justa:
672 987 776 1013 nunc
794 975 902 1012 nulla
927 982 993 1013 est.
1038 975 1211 1014 Liberati

92 1035 174 1069 tum
188 1028 290 1079 regio
302 1028 500 1066 dominatu
516 1028 759 1066 videbamur:
781 1029 904 1066 multo
916 1036 1046 1080 postea
1057 1030 1210 1080 gravius

90 1084 323 1133 urgebamur
341 1082 456 1120 armis
475 1083 699 1121 domesticis.
729 1083 791 1121 Ea
809 1083 891 1134 ipsa
909 1083 1128 1134 depulimus
1140 1096 1209 1122 nos

91 1137 246 1187 quidem
263 1151 275 1181 3
306 1136 372 1175 sed
392 1137 650 1187 extorquenda
668 1144 768 1175 sunt.
799 1137 917 1184 Quod
932 1138 962 1175 si
976 1150 1052 1174 non
1071 1150 1207 1188 possu-

89 1202 177 1239 mus
194 1191 329 1236 facere,
352 1191 507 1236 (dicam,
539 1191 642 1242 quod
670 1191 832 1242 dignum
851 1197 907 1229 est
925 1198 961 1229 et
982 1198 1150 1230 senatore
1170 1199 1207 1230 et

87 1244 265 1287 Romano
279 1244 450 1291 homine)
471 1246 692 1282 moriamur.

141 1298 300 1346 Quanta
317 1299 420 1336 enim
436 1298 505 1336 erit
523 1298 590 1336 illa
615 1299 832 1350 reipublicae
850 1299 1061 1350 turpitudo,
1083 1312 1221 1352 quan-t

59 1401 64 1405 ἢ
87 1359 170 1390 tum
192 1352 366 1399 dedecus,
388 1359 531 1403 quanta
548 1353 666 1399 labes,
687 1353 810 1391 dicere
828 1353 867 1390 in
886 1353 958 1391 hoc
977 1353 1108 1391 ordine
1120 1367 1204 1391 sen-

86 1407 245 1444 tentiam
258 1406 319 1444 M.
334 1406 552 1444 Antonium
569 1407 756 1445 consulari
773 1408 855 1445 loco
872 1407 880 1444 !
913 1420 956 1445 cu
958 1408 1020 1456 jus
1035 1414 1078 1444 ut
1090 1407 1207 1445 omit-

85 1468 167 1498 tam
185 1460 478 1498 innumerabilia
497 1461 635 1498 scelera
653 1461 789 1499 urbani
815 1462 1042 1507 consulatus,
1067 1461 1107 1498 in
1126 1474 1205 1512 quo

85 1514 287 1565 pecuniam
305 1514 499 1565 publicam
512 1515 723 1552 maximam
739 1515 946 1566 dissipavit,
961 1516 1109 1553 exsules
1122 1516 1203 1553 sine

84 1569 168 1619 lege
186 1568 363 1614 restituit,
380 1568 577 1619 vectigalia
590 1569 770 1616 vendidit,
787 1569 998 1619 provincias
1011 1569 1057 1607 de
1068 1570 1202 1620 populi

86 1622 255 1660 Romani
273 1622 434 1674 imperio
453 1623 619 1670 sustulit,
640 1636 757 1674 regna
786 1623 933 1660 addixit
951 1624 1127 1674 pecunia,
1147 1624 1201 1661 le-

82 1689 148 1727 ges
167 1676 310 1715 civitati
328 1689 395 1728 per
413 1676 493 1714 vim
521 1677 716 1728 imposuit,
744 1676 859 1715 armis
881 1684 948 1714 aut
967 1677 1113 1715 obsedit
1133 1684 1200 1716 aut

83 1730 245 1768 exclusit
262 1738 436 1768 senatum
451 1745 461 1768 2
483 1738 527 1768 ut
544 1731 640 1777 haec,
656 1731 830 1782 inquam,
846 1731 1021 1769 omittam
1036 1745 1047 1776 ς
1068 1744 1116 1769 110
1128 1731 1200 1769 1100

82 1784 239 1835 quidem
258 1784 443 1835 cogitatis,
465 1797 568 1831 eum,
593 1785 661 1837 qui
684 1785 897 1831 Mutinam,
925 1785 1112 1823 coloniam
1131 1798 1200 1836 po-

80 1839 165 1890 puli
183 1838 353 1876 Romani
368 1837 642 1888 firmissimam,
659 1839 904 1890 oppugnarit,
931 1839 1199 1890 imperatorem

80 1892 214 1943 populi
233 1892 416 1940 Romani,
433 1894 627 1931 consulem
646 1893 900 1944 designatum,
917 1893 1116 1939 obsederit,
1133 1892 1199 1930 de-

77 1946 283 1997 populatus
301 1959 411 1997 agros
431 1947 508 1993 sit,
537 1947 669 1985 1111110
659 1960 699 1984 111
719 1960 808 1985 eum
834 1947 1004 1984 ordinem
1025 1946 1198 1998 recipi,a

78 2012 155 2051 quo
175 2000 282 2038 toties
304 2002 353 2038 ob
378 1999 448 2038 has
477 2001 579 2052 ipsas
610 2014 741 2039 causas
766 2001 884 2038 hostis
912 2002 954 2050 ji
958 2000 1103 2039 dicatus
1134 2000 1196 2047 sit,

77 2066 195 2105 quam
213 2053 358 2092 foedum
378 2054 686 2107 flagitiosumque
706 2055 780 2093 sit?

133 2107 232 2145 Satis
256 2109 381 2146 multa
411 2108 458 2147 de
489 2109 737 2162 turpitudine.
768 2108 908 2146 Dicam
931 2108 1120 2160 deincePS,
1152 2117 1207 2146 ut.

78 2161 272 2252 proposui,
292 2161 339 2200 de
357 2162 551 2214 periculo·
582 2163 685 2216 quod
713 2163 782 2201 etsi
810 2163 939 2200 minus
965 2170 1019 2201 est
1044 2162 1195 2212 fugien-

129 2214 186 2257 (Ο
189 2220 282 2262 rat.)
302 2227 328 2254 v
336 2227 494 2255 01.1ν.
847 2219 870 2254 2
894 2227 923 2253 D
