1509 2397
306 77 421 120 PRO
442 78 640 120 RABIR.
663 79 953 119 POsTUMO.
985 77 1090 117 CAP.
1114 77 1150 121 7.
1215 78 1290 121 127

167 186 261 227 50111
282 195 320 226 51
344 188 500 226 summa
518 187 673 226 caritate
692 188 804 226 vestri
825 185 967 226 ordinis
985 185 1133 238 loquor.
1174 186 1294 224 Alius

163 241 258 281 alios
271 241 446 281 homines
465 250 502 280 et
519 241 670 280 ordines
685 255 696 287 ;
728 255 797 293 ego
817 255 881 280 vos
900 253 1049 291 semper
1068 241 1293 292 complexus

162 307 262 334 sum.
291 295 438 334 Moneo
452 304 489 335 et
500 296 682 348 praedico:
703 295 853 347 integra
865 309 908 334 re
923 295 1126 346 causaque,
1143 295 1292 333 denun-

161 349 239 388 tio:
270 362 402 388 omnes
420 350 594 389 homines
623 350 806 402 Deosque
824 358 962 388 testor:
993 348 1089 386 dum
1120 348 1292 399 potestis,

165 402 262 441 dum
279 403 381 451 licet,
401 404 609 455 providete,
630 416 679 443 ne
698 404 890 442 duriorem
910 402 1017 442 vobis
1037 402 1293 440 conditionem

164 457 338 496 statuatis
356 458 557 509 ordinique
577 466 711 505 vestro,
733 471 852 510 quam
877 458 974 496 ferre
999 456 1128 507 possit.
1160 457 1294 507 Serpet

161 510 234 550 hoc
251 512 401 550 malum
421 513 535 556 (mihi
554 512 709 560 credite)
727 513 894 563 longius,
915 523 1033 564 quam
1052 510 1208 562 putatis.

210 565 310 604 VII.
332 566 602 605 Potentissimo
615 575 651 604 et
665 566 902 605 nobilissimo
914 565 1068 603 tribuno
1082 564 1219 616 plebis,
1230 564 1291 602 M.

165 618 311 666 Druso,
331 633 451 658 unam
477 621 517 658 in
538 628 751 672 equestrem
771 620 944 659 ordinem
967 619 1214 671 quaestionem
1236 619 1293 656 fe-

164 673 277 721 renti,
293 676 320 696 “
330 674 373 713 Si
387 674 472 726 quis
487 676 536 713 ob
548 687 629 713 rem
641 675 852 724 judicatam
867 673 1071 726 pecuniam
1083 673 1292 724 cepisset?

164 735 294 779 aperte
312 728 458 780 equites
478 729 648 767 Romani
667 729 896 767 restiterunt.
927 727 1064 776 Quid?
1089 727 1162 765 hoc
1180 727 1292 765 licere

163 782 373 821 volebant?
398 783 584 829 minime,
573 797 583 806 ·
605 795 730 843 neque
749 784 875 821 solum
892 783 964 821 hoc
982 795 1104 833 genus
1121 780 1293 834 pecuniae

165 835 359 887 capiendae
386 844 511 888 turpe,
537 837 602 875 sed
627 837 743 876 etiam
766 837 971 884 nefarium,
995 836 1293 874 arbitrabantur.

164 889 354 928 Attamen
373 891 428 929 ita
443 891 703 943 disputabant,
725 904 786 929 eos
805 891 923 930 teneri
941 890 1090 951 legibus
1105 897 1291 950 oportere,

166 943 236 996 qui
254 957 324 983 suo
342 945 488 994 judicio
507 953 629 983 essent
647 945 756 983 illam
776 945 1032 984 conditionem
1051 944 1139 982 vitae
1158 943 1290 983 secuti.

166 1001 197 1021 “²
216 997 393 1037 Delectat
403 1000 665 1061 amplissimus
677 1000 838 1038 civitatis
852 998 1008 1051 gradus,
1025 999 1119 1036 sella
1133 997 1290 1046 curulis,

163 1051 332 1102 fasces,
321 1053 496 1115 imperia,
520 1054 738 1106 provinciae,
760 1053 981 1115 sacerdotia,
1002 1052 1203 1104 triumphi,
1225 1052 1292 1090 (15-

161 1106 280 1158 nique
299 1107 428 1159 imago
446 1108 542 1160 ipsa,
563 1108 612 1146 ad
630 1108 860 1160 posteritatis
878 1107 1105 1147 memoriam
1125 1106 1288 1158 prodita.

160 1159 235 1199 Est
253 1160 370 1200 simul
392 1162 507 1200 etiam
528 1162 742 1201 sollicitudo
760 1163 905 1214 aliqua,
923 1170 961 1200 et
978 1162 1111 1213 legum
1131 1169 1168 1199 et
1184 1160 1289 1211 judi-

159 1215 306 1253 ciorum
321 1217 445 1265 major
463 1216 622 1278 quidam
635 1225 774 1255 metus.
804 1217 911 1255 Nos
901 1224 974 1255 1513
984 1228 1186 1267 nunquam
1199 1227 1290 1252 con-

160 1269 389 1308 temsimus”
406 1271 477 1313 (113
495 1271 598 1308 enim
618 1270 882 1322 disputabant)
897 1285 907 1308 ε
931 1274 960 1293 “
971 1270 1036 1308 sed
1054 1270 1154 1308 hanc
1168 1269 1288 1307 vitam

161 1323 332 1375 quietam
347 1331 464 1375 atque
481 1325 642 1363 otiosam
655 1325 773 1363 secuti
787 1337 946 1363 sumus:
977 1337 1079 1376 quae,
1099 1322 1286 1375 quoniam

162 1377 306 1416 honore
325 1386 440 1426 53151,
460 1387 584 1417 531531
602 1379 719 1417 5113111
742 1379 958 1417 molestia-'⁹
988 1378 1092 1416 Tam
1107 1390 1146 1415 es
1166 1384 1209 1414 tu
1224 1377 1292 1426 ju-

161 1430 252 1478 dex,
273 1445 392 1484 quam
418 1445 488 1484 ego
513 1441 672 1471 senator.
704 1435 731 1455 “
753 1433 817 1471 113
841 1440 919 1471 est:
952 1433 1017 1471 sed
1039 1440 1083 1470 tu
1100 1431 1206 1469 istud
1223 1444 1291 1482 pe-

161 1485 280 1531 fiisti;
310 1498 380 1537 ego
404 1486 476 1525 hoc
502 1499 626 1538 cogor.
665 1487 811 1535 Quare,
841 1494 909 1525 aut
933 1486 1055 1535 judici
1087 1485 1185 1524 mihi
1210 1497 1290 1523 non

162 1552 243 1578 esse
260 1539 385 1587 liceat,
405 1548 473 1578 aut
490 1541 616 1592 legem
635 1541 720 1593 lege
738 1541 927 1580 senatoria
946 1553 1023 1579 non
1043 1539 1220 1578 timere.”

214 1594 304 1633 Hoc
318 1607 397 1643 νο5,
411 1595 556 1647 equites
567 1595 751 1642 Romani,
761 1596 839 1645 jus,
854 1609 877 1634 3
887 1595 1060 1647 patribus
1072 1601 1285 1645 acceptum,

161 1648 374 1687 amittetis?
395 1649 554 1698 Moneo,
575 1662 625 1688 ne
637 1649 795 1688 faciatis.
826 1650 1044 1702 Rapientur
1061 1648 1237 1687 homines
1248 1648 1291 1686 in

160 1703 243 1742 haec
257 1702 403 1753 judicia
420 1716 469 1742 ex
487 1703 594 1742 omni
612 1716 690 1742 non
712 1704 828 1742 modo
849 1704 1010 1752 invidia,
1030 1702 1096 1742 sed
1114 1714 1288 1742 sermone

155 1757 450 1806 malevolorum,
471 1758 545 1796 nisi
563 1758 714 1797 cavetis.
745 1759 817 1797 Si
802 1771 885 1808 Jam
904 1759 1011 1797 vobis
1029 1757 1285 1805 nuntiaretur,

157 1811 199 1850 in
216 1819 350 1850 senatu
369 1812 574 1851 sententias
598 1812 688 1860 dici,
710 1821 755 1851 ut
779 1812 840 1851 his
867 1812 1017 1864 legibus
1044 1811 1285 1859 teneremini,

156 1865 462 1905 concurrendum
481 1866 531 1904 ad
552 1867 697 1905 50113111
722 1867 931 1918 putaretis·
963 1867 996 1906 si
1017 1867 1082 1905 lex
1108 1866 1285 1913 ferretur,

155 1920 402 1960 convolaretis
419 1920 470 1959 ad
488 1921 641 1973 Rostra.
680 1921 719 1960 V
721 1935 762 1960 os
780 1929 934 1960 senatus
951 1921 1090 1960 liberos
1112 1920 1185 1958 hac
1202 1920 1287 1971 lege

155 1986 234 2013 aese
255 1974 403 2013 voluit:
434 1975 602 2026 populus
620 1987 824 2027 nunquam
843 1975 1042 2027 alligavit,
1032 1989 1042 1999 ·
1074 1974 1191 2013 soluti
1208 1973 1287 2012 1105

151 2028 403 2067 convenistis:
434 2041 483 2067 ne
500 2029 692 2069 constricti
710 2030 925 2091 discedatis,
942 2036 1082 2068 cavete.
1113 2029 1236 2074 Nam,
1253 2028 1287 2066 si

151 2081 339 2121 Postumo
357 2083 484 2121 fraudi
501 2083 630 2133 fuerit,
656 2084 725 2136 qui
743 2097 813 2123 nec
824 2085 1017 2132 tribunus,
1038 2095 1108 2122 nec
1126 2082 1285 2134 praefec-

149 2142 226 2184 tus,
245 2148 316 2175 nec
333 2149 383 2175 ex
406 2137 523 2176 Italia
540 2151 681 2187 comes,
701 2150 771 2178 nec
790 2138 992 2177 familiaris
1005 2136 1165 2177 Gabinii
1182 2135 1282 2181 fuit;

151 2202 320 2242 quonam
333 2205 372 2230 se
384 2192 497 2243 modo
510 2191 714 2231 defendent
735 2193 908 2245 posthac,
927 2192 995 2245 qui
1008 2191 1122 2232 vestri
1140 2189 1283 2230 ordinis
