1509 2397
376 70 493 125 Plio
521 82 846 124 DEIOTARO.
876 84 983 124 cst.
1012 86 1053 123 3.
1203 85 1278 130 167

155 204 284 236 tamen
303 195 353 234 ad
370 194 470 232 hanc
489 206 659 242 causam,
678 205 756 232 non
775 193 856 232 sine
881 193 1013 245 aliqua
1037 205 1104 245 spe
1123 200 1160 232 et
1179 194 1280 245 cogi-

154 251 311 299 tatione,
330 256 528 288 venerunt.

211 305 294 343 ΙΙΙ.
326 305 476 342 Iratum
497 310 533 340 te
551 301 631 353 regi
652 301 836 340 Deiotaro
854 300 972 340 fuisse
990 313 1067 339 non
1087 309 1194 340 erant
1213 314 1280 340 ne-

153 358 245 398 scii.
236 373 245 382 ·
277 358 457 397 affectum
471 357 584 394 illum
599 355 831 417 quibusdam
849 355 1101 394 incommodis
1113 363 1150 394 et
1164 356 1280 394 detri-

153 412 307 461 mentis,
328 419 482 463 propter
499 411 746 448 offensionem
766 410 886 448 animi
905 410 976 457 tui,
997 410 1277 448 meminerant:

153 475 268 519 teque
287 479 376 505 cum
395 465 486 503 huic
509 465 667 525 iratum,
692 471 778 502 tum
798 464 869 502 sibi
888 465 1072 511 amicum,
1094 476 1239 515 cognov
1241 477 1281 502 e-

153 528 264 560 rant.
296 533 464 571 cumque
492 518 630 571 apud
619 531 748 570 lpsum
771 526 808 556 te
831 518 878 556 de
905 525 970 556 tuo
989 519 1159 580 periculo
1178 518 1280 557 dice-

151 582 250 623 rent,
271 575 352 613 fore
369 575 574 626 putabant,
594 581 639 612 ut
651 573 693 610 in
712 573 928 611 exulcerato
946 574 1076 611 animo
1090 573 1202 611 facile
1213 573 1280 611 fic-

151 636 239 668 tum
258 629 402 668 crimen
415 628 606 667 insideret.
636 627 903 675 Quamobrem
921 627 994 665 hoc
1019 640 1088 666 nos
1106 627 1280 679 primum

153 691 276 732 metu,
298 683 368 722 Cai
389 683 530 729 Caesar,
551 695 619 734 per
636 682 769 729 fidem,
794 688 832 720 et
854 682 1120 730 constantiam,
1142 689 1179 720 et
1204 682 1278 720 cle-

153 738 339 776 mentiam
354 744 478 783 tuam,
497 737 631 784 libera,
652 748 701 774 ne
712 735 873 774 residere
891 736 930 773 in
946 743 983 774 te
994 737 1116 774 ullam
1128 743 1279 788 partem

152 791 361 830 iracundiae
389 792 638 842 suspicemur.
680 791 756 828 Per
782 790 956 828 dextram
980 798 1018 829 te
1051 790 1165 829 istam
1196 803 1277 839 oro,

153 859 273 898 quam
288 846 368 897 regi
383 845 566 884 Deiotaro
584 844 720 896 hospes
740 844 881 896 hospiti
900 845 1127 896 porrexisti3
1147 844 1276 894 istam,

152 900 328 952 inquam,
356 900 547 948 dextram,
580 911 657 937 non
683 906 764 937 tam
795 899 835 936 in
861 899 972 937 beHis
991 906 1029 938 et
1057 900 1098 937 in
1118 899 1276 950 proeliis,

151 955 318 1006 quamin
330 954 524 1006 promissis
536 960 574 992 et
585 953 659 992 fide
671 953 891 992 firmiorem.
921 954 988 992 Tu
1000 954 1104 993 illius
1116 954 1278 992 domum

148 1008 260 1057 inire,
280 1016 324 1047 tu
344 1018 453 1047 vetus
472 1007 684 1060 hospitium
708 1020 902 1056 renovare,
923 1007 1100 1047 voluisti.
1133 1015 1171 1046 te
1195 1010 1278 1058 ejus

150 1060 221 1101 Dii
231 1070 387 1115 penates
399 1070 644 1114 acceperunt·
666 1070 704 1101 te
716 1062 885 1101 amicum
899 1070 935 1101 et
946 1063 1143 1114 placatum
1157 1063 1279 1102 Deio-

149 1117 222 1156 tari
236 1118 335 1169 regis
349 1131 424 1156 arae
442 1117 603 1178 focique
612 1116 802 1155 viderunt.

205 1172 310 1211 Cum
328 1172 440 1210 facile
459 1171 620 1220 exorari,
642 1171 783 1218 Caesar,
805 1178 890 1210 tum
906 1172 1023 1210 semel
1038 1173 1201 1222 exorari,
1218 1185 1278 1212 so-

148 1226 216 1265 les.
246 1226 378 1265 Nemo
396 1238 571 1277 unquam
590 1232 628 1264 te
640 1225 806 1277 placavit
817 1225 1009 1275 immicus,
1026 1227 1095 1278 qui
1107 1227 1206 1265 ullas
1217 1241 1277 1266 re-

149 1280 288 1319 sedisse
301 1280 342 1317 in
357 1287 394 1318 te
406 1279 612 1318 simultatis
622 1279 803 1331 reliquias
822 1281 990 1319 senserit.
1021 1281 1276 1332 Quamquam

147 1334 211 1373 cui
230 1341 319 1372 sunt
337 1333 521 1372 inauditae
540 1346 630 1372 cum
644 1333 827 1372 Deiotaro
840 1335 1005 1385 querelae
1019 1337 1128 1374 tuae?
1159 1336 1277 1373 Nun-

149 1401 270 1441 quam
283 1396 328 1426 tu
346 1388 458 1426 illum
472 1387 708 1436 accusavisti,
729 1395 774 1425 ut
791 1388 956 1450 hostem,
970 1389 1037 1427 sed
1050 1396 1095 1427 ut
1107 1389 1277 1428 amicum

147 1442 272 1481 officio
290 1455 430 1504 parum
449 1442 642 1491 functum,
656 1442 761 1494 quod
767 1443 1053 1504 ‘propensiorin
1066 1443 1138 1482 Cn.
1157 1444 1276 1483 Pom-

147 1497 225 1549 peii
243 1497 452 1535 amicitiam
464 1496 612 1544 fuisset,
627 1509 746 1548 quam
765 1497 805 1534 in
820 1503 941 1534 tuam.
973 1497 1049 1536 Cui
1059 1505 1190 1537 tamen
1202 1498 1276 1551 ipsi

148 1551 204 1589 rei
223 1551 377 1590 veniam
390 1558 427 1589 te
445 1550 628 1589 daturum
646 1550 766 1588 fuisse
786 1550 950 1600 dicebas,
967 1551 998 1589 si
1010 1557 1160 1590 tantum
1177 1566 1276 1591 aux-

147 1605 215 1644 ilia
227 1605 428 1666 Pompeio,
443 1605 505 1644 vel
519 1605 551 1643 si
563 1605 678 1643 etiam
690 1605 816 1643 filium
828 1604 1006 1654 misisset,
1009 1606 1102 1668 ’ipse
1116 1620 1277 1646 excusa-

148 1660 252 1698 tione
266 1659 389 1699 aetatis
404 1673 496 1698 usus
511 1666 618 1698 esset.
650 1660 726 1708 Ita,
747 1672 838 1698 cum
856 1660 1038 1699 maximis
1051 1673 1141 1699 eum
1160 1663 1276 1701 rebus

147 1714 344 1763 liberares,
364 1727 593 1766 perparvam
612 1713 789 1753 amicitiae
808 1715 964 1766 culpam
983 1715 1239 1767 relinquebas.

202 1769 342 1821 Itaque
360 1781 439 1807 non
459 1769 584 1807 solum
610 1769 651 1806 in
670 1781 759 1808 eum
779 1781 857 1807 non
876 1769 1192 1820 animadvertisti,
1209 1769 1276 1810 sed

145 1823 254 1862 omni
271 1829 380 1862 metu
398 1823 620 1872 liberavisti,
640 1822 832 1875 hospitem
851 1824 1053 1875 agnovisti,
1066 1837 1196 1876 regem
1215 1838 1276 1864 re-

144 1877 318 1930 liquisti:
348 1889 474 1930 neque
506 1877 610 1916 enim
641 1877 708 1916 ille
739 1877 828 1916 odio
856 1877 915 1917 tui
945 1890 1180 1930 progressus,
1208 1878 1276 1918 sed

145 1944 271 1971 errore
288 1931 486 1971 communi
503 1932 634 1985 lapsus
653 1938 720 1971 est.
751 1932 793 1971 Is
807 1945 889 1981 rex,
907 1945 1024 1984 quem
1037 1940 1189 1972 senatus
1200 1933 1276 1973 hoc

144 1986 301 2025 nomine
326 1999 426 2039 saepe
447 1986 837 2026 honorificentissimis
860 1987 1018 2026 decretis
1044 1987 1275 2039 appellavis—

145 2046 215 2088 set,
246 2040 392 2093 quique
420 2041 535 2080 illum
564 2041 738 2080 ordinem
758 2043 807 2080 ab
825 2041 1078 2080 adolescentia
1097 2042 1274 2093 gravissi-

143 2105 257 2133 mum
268 2095 628 2148 sanctissimumque
640 2095 825 2144 duxisset,
841 2096 977 2134 iisdem
989 2097 1102 2134 rebus
1118 2104 1174 2135 est
1184 2109 1272 2148 per-

144 2149 335 2199 turbatus,
350 2150 468 2189 homo
484 2149 722 2211 longinquus
734 2157 772 2189 et
785 2150 1013 2202 alienigena,
1030 2150 1171 2212 quibus
1186 2163 1269 2197 nos,

144 2201 185 2240 in
203 2203 330 2243 media
348 2204 545 2256 republica
563 2204 658 2252 nati,
679 2217 906 2256 semperque
924 2205 1075 2243 versati.
