1509 2397
261 110 342 154 278
497 108 836 150 PHILIPPICA
856 109 908 149 V.
930 110 1036 150 CAP.
1061 110 1126 149 12.

262 217 379 256 Unde
393 224 449 256 est
460 216 585 256 adhuc
598 218 760 266 bellum,
774 218 849 257 nisi
860 232 908 257 ex
918 218 1170 257 retardatione
1183 223 1222 256 et
1238 216 1347 256 mor-*a
1360 219 1380 256 :²

261 271 321 309 Ut
337 272 523 323 primum,
557 280 643 323 post
671 273 877 311 discessum
902 273 1072 321 latronis,
1093 273 1153 311 vel
1171 271 1298 323 potius
1316 271 1382 310 de-

262 334 453 376 speratam
478 326 627 377 fugam,
646 327 763 364 libere
781 334 932 365 senatus
950 327 1083 365 haberi
1101 326 1251 378 potuit;
1282 338 1381 364 sem-

262 392 331 430 per
359 380 541 432 flagitavi,
568 388 613 418 ut
645 393 948 419 convocaremur.
989 381 1081 428 Quo
1117 380 1179 418 die
1208 380 1381 431 primum

263 435 456 472 convocati
484 447 630 482 sumuS,
663 447 752 472 cum
779 435 965 486 designati
990 434 1161 473 consules
1178 446 1255 472 non
1275 433 1383 472 ades-

263 496 360 535 sent,
378 489 465 537 jeci,
488 487 671 526 sententia
695 488 796 536 mea,
825 489 998 527 maximo
1025 496 1148 527 vesu-o
1180 499 1381 536 consensu,

261 541 515 580 fundamenta
532 542 764 593 reipublicae,
779 543 897 581 serius
910 542 1082 588 omnino,
1096 555 1215 594 quam
1229 541 1380 580 decuit:

262 607 333 633 nec
352 596 455 633 enim
475 604 563 634 ante
581 597 714 647 potui:
746 596 811 635 sed
829 604 974 645 tamen,
1002 596 1035 635 si
1060 609 1109 634 ex
1140 609 1184 634 eo
1212 603 1384 647 tempore

261 649 342 687 dies
361 650 492 688 nuUus
509 650 747 688 intermissus
759 658 869 698 esset,
884 651 1031 688 bellum
1041 650 1210 701 profecto
1227 650 1383 688 nullum

262 702 503 742 haberemus.
525 703 656 742 Omne
667 705 816 742 malum
835 716 991 742 nascens
1004 704 1116 742 facile
1129 703 1380 756 opprimiture

262 756 517 796 inveteratum
546 757 590 796 fit
618 759 849 810 plerumque
873 758 1076 797 robustius.
1117 758 1193 796 Sed
1211 765 1297 796 tum
1315 769 1383 796 ex-

261 813 529 863 spectabantur
548 812 728 850 Calendae
745 813 970 859 Januariae3
999 812 1158 850 fortasse
1174 823 1254 850 non
1271 818 1384 850 recte.

316 865 419 904 XII.
451 866 601 904 Verum
615 866 806 918 praeterita
819 867 1055 904 omittamus.
1084 865 1268 904 Etiamne
1284 865 1385 903 hanc

260 931 411 958 moram
439 920 656 968 afferemus,
688 921 784 958 dum
813 921 1100 972 proficiscantur
1128 919 1259 971 legati,
1286 918 1384 957 dum

260 980 497 1012 revertantur
511 976 529 1012 ?
559 987 725 1026 quorum
745 974 975 1026 exspectatio
993 973 1273 1013 dubitationem
1290 972 1384 1012 belli

259 1027 401 1066 afferet.
432 1028 544 1066 Bello
564 1036 693 1067 autem
713 1027 844 1078 dubio,
858 1028 963 1081 quod
976 1035 1101 1081 potest
1115 1027 1289 1067 studium
1303 1039 1383 1066 esse

257 1081 426 1120 delectus
440 1085 458 1121 Ρ

314 1135 594 1185 Quamobrem,
614 1143 740 1188 patres
758 1136 972 1188 conscripti,
988 1137 1203 1188 legatorum
1221 1134 1385 1174 mentio-

258 1202 350 1228 nem
368 1191 519 1228 nullam
539 1203 671 1229 censeo
681 1191 894 1230 faciendam
911 1205 922 1228 :
944 1203 1026 1230 rem
1041 1189 1385 1229 administrandam

259 1244 422 1282 arbitror
442 1245 521 1283 sine
539 1245 620 1282 ulla
637 1243 757 1293 mora,
779 1253 816 1283 et
834 1245 1034 1283 confestim
1055 1243 1288 1296 gerendam:
1319 1249 1384 1282 tu-

261 1298 433 1336 multum
451 1299 615 1347 decerni,
646 1299 842 1349 justitium
865 1298 997 1348 indici,
1032 1311 1123 1350 saga
1155 1297 1270 1345 sumi,
1297 1296 1383 1336 dico

259 1359 446 1402 oportere,
479 1353 671 1392 delectum
699 1353 845 1402 haberi,
875 1352 1035 1391 sublatis
1063 1351 1324 1391 vacationibus
1340 1350 1383 1388 in

258 1405 382 1454 Urbe,
414 1413 451 1444 et
472 1406 514 1445 in
547 1407 677 1454 Italia,
708 1414 846 1459 praeter
877 1407 1062 1455 Galliam,
1094 1405 1188 1445 tota.
1228 1404 1332 1453 Quae
1349 1404 1383 1444 si

260 1467 375 1498 erunt
397 1460 511 1509 facta,
541 1461 670 1512 opinio
698 1461 781 1512 ipsa
811 1469 849 1500 et
872 1461 978 1499 fama
1009 1467 1143 1499 vestrae
1174 1457 1382 1498 severitatis

259 1515 396 1552 obruet
422 1515 592 1553 scelerati
623 1515 842 1566 gladiatoris
871 1514 1090 1554 amentiam.
1131 1513 1278 1560 Sentiet
1309 1512 1382 1551 sibi

258 1568 407 1606 bellum
429 1581 519 1607 cum
544 1569 742 1620 republica
774 1582 854 1608 esse
886 1576 1133 1630 susceptum·
1164 1566 1382 1619 experietur

258 1622 524 1661 consentientis
544 1625 694 1662 senatus
719 1635 855 1662 nervos
880 1630 996 1675 atque
1014 1622 1135 1662 vires:
1166 1633 1260 1659 nam
1277 1632 1382 1659 nunc

258 1675 418 1726 quidem
449 1677 619 1738 partium
650 1677 931 1716 contentionem
960 1689 1039 1715 esse
1068 1675 1226 1714 dictitat.
1267 1673 1379 1722 Qua-

258 1741 349 1767 rum
373 1731 577 1781 partium?
606 1731 735 1770 Alteri
753 1731 841 1769 victi
859 1736 975 1777 sunt3
1005 1730 1114 1768 alteri
1142 1736 1232 1768 sunt
1258 1740 1280 1766 e
1296 1740 1380 1767 me-

260 1782 334 1821 diis
353 1784 398 1822 C.
420 1784 580 1823 Caesaris
609 1785 806 1836 partibus.
836 1784 910 1823 nisi
938 1785 1037 1822 forte
1066 1783 1227 1823 Caesaris
1252 1788 1380 1833 partes

256 1848 282 1874 a
301 1836 430 1876 Pansa
456 1846 492 1876 et
513 1838 642 1877 Hirtio
661 1839 894 1885 consulibus,
916 1845 954 1877 et
978 1851 1002 1876 a
1019 1837 1098 1876 filio
1127 1837 1173 1876 C.
1201 1835 1376 1883 CaesatiS‚

255 1892 472 1942 oppugnari
499 1900 694 1944 putamus.
742 1893 832 1931 Hoc
859 1905 947 1932 vero
971 1892 1118 1930 bellum
1142 1903 1221 1930 non
1246 1896 1303 1928 est
1331 1901 1381 1928 ex

256 1943 488 1992 dissensione
505 1947 688 2008 pardum,
709 1947 776 1985 sed
794 1959 842 1985 ex
860 1943 1005 1984 nefaria
1022 1958 1088 1998 spe
1105 1943 1380 1997 perditissimo·

257 2011 346 2036 rum
376 2000 532 2049 civium,
565 2001 799 2045 excitatum3
841 2000 981 2052 quibus
1008 2001 1109 2038 bona
1138 1999 1380 2060 fortunaeque

255 2061 394 2092 nostrae
411 2062 552 2093 notatae
571 2062 675 2104 sunt,
707 2063 744 2093 et
771 2056 855 2105 jam
879 2054 930 2092 ad
948 2055 1135 2106 cujusque
1156 2051 1377 2105 opinionem

255 2105 484 2147 distributae.

309 2160 408 2222 Legi
427 2162 628 2214 epistolam
647 2162 827 2210 Antonii,
848 2175 968 2214 quam
996 2162 1046 2200 ad
1064 2159 1275 2214 quemdam
1293 2171 1379 2220 sep-

254 2215 475 2264 temvirum,
497 2217 696 2269 capitalem
717 2216 929 2266 hominem,
950 2216 1138 2269 collegam
1157 2226 1286 2262 suum,
1307 2211 1381 2253 mi-
