1509 2397
215 95 296 141 272
479 95 819 136 PHILIPPICA
838 95 889 135 V.
911 95 1016 135 CAP.
1038 97 1076 134 6.

217 216 287 242 um
302 203 584 257 antiquissimas
601 206 706 256 leges
720 204 918 267 negliget?
948 204 1031 253 Qui
1041 217 1155 257 porro
1168 204 1233 244 ille
1251 215 1342 245 con-

219 271 356 306 5055115,
391 259 460 297 1)11
487 260 607 298 boni⁹
639 259 832 299 Cretensis
857 259 992 308 judex,
1022 259 1131 312 isque
1155 260 1343 312 nequissi-

217 325 318 350 mus.
349 313 480 361 Quem
503 314 552 352 ad
577 315 681 353 hunc
713 327 799 352 reus
829 314 990 364 3110801.
983 316 998 341 ⁹
1028 314 1220 365 quomodo
1239 328 1343 353 acce-

217 367 315 405 dat?
346 367 442 406 dura
467 368 570 407 natio
596 376 662 407 est.
704 369 764 406 At
787 368 1043 406 Athenienses
1072 368 1343 407 misericordes.

218 421 337 468 Puto,
352 434 402 460 ne
421 422 585 460 Curium
605 421 762 474 quidem
776 435 854 460 esse
867 422 1074 469 crudelem,
1091 422 1159 474 qui
1174 421 1345 474 quotidie

218 475 433 527 periculum
461 477 626 515 fortunae
644 477 769 515 saciat.
811 477 911 515 Sunt
939 476 1032 514 item
1064 476 1152 514 lecti
1179 476 1342 526 judices,

219 529 288 581 qui
306 530 462 569 fortasse
488 533 796 569 excusabuntur:
827 531 971 568 habent
998 530 1103 568 enim
1129 530 1344 582 legitimam

218 585 516 632 excusationem,
538 585 662 623 exsilii
687 585 801 623 causa
830 585 956 622 solum
983 584 1151 632 vertisse,
1171 597 1241 622 nec
1266 597 1345 623 esse

219 646 351 689 postea
377 640 579 678 restitutos.
622 639 708 677 Hos
736 639 801 677 1110
826 639 983 677 demens
997 638 1145 688 judices
1162 638 1341 690 legisset3

220 692 364 730 horum
385 694 542 731 nomina
561 693 609 731 ad
633 693 809 732 aerarium
828 693 1047 738 detulisset3
1077 692 1138 730 his
1157 705 1342 744 111380301

217 755 368 798 partem
387 748 606 810 reipublicae
625 748 853 797 credidisset,
875 747 907 786 51
932 747 1055 785 ullam
1083 746 1248 799 speciem
1265 746 1341 786 rei-

216 801 381 852 publicae
400 803 670 853 cogitavisset?

272 856 348 894 VI
378 857 514 908 Atque
532 870 602 908 ego
621 857 668 895 de
687 857 785 895 notis
801 855 996 906 judicibus
1014 854 1108 894 dixi.
1138 854 1249 904 Quos
1266 855 1344 894 mi-

217 921 292 947 nus
321 910 455 957 ndstis,
486 911 594 949 nolui
623 912 844 949 nominare:
876 911 1084 957 saltatores,
1116 909 1341 958 citharistas,

216 970 344 1002 totum
367 964 535 1016 denique
557 965 829 1004 comissationis
847 964 1083 1003 Antonianae
1112 964 1272 1003 chorum
1300 964 1343 1002 in

217 1018 370 1056 tertiam
389 1019 582 1057 decuriam
598 1020 776 1070 judicum
789 1019 918 1057 scitote
930 1031 1008 1057 esse
1020 1020 1247 1068 conjectum.
1274 1018 1341 1057 En

217 1084 388 1120 causam,
406 1086 473 1111 cur
486 1074 550 1112 lex
563 1081 643 1111 tam
657 1074 819 1125 egregia,
835 1081 992 1125 tamque
1006 1073 1199 1124 111-3301313,
1216 1073 1342 1111 maxi-

217 1137 283 1164 mo
301 1127 430 1175 imbn‘,
458 1135 694 1179 tempestate,
725 1128 859 1175 ventis,
888 1127 1077 1178 procellis,
1107 1127 1341 1176 turbinibus,

217 1179 317 1218 inter
341 1181 508 1220 fulmina
538 1190 575 1220 et
607 1183 789 1230 tonitrua,
815 1181 1002 1227 ferretur3
1032 1188 1076 1219 ut
1105 1194 1168 1219 eos
1195 1181 1342 1231 judices

217 1233 460 1282 haberemus,
489 1249 585 1288 quos
606 1236 776 1288 hospites
795 1236 935 1274 habere
953 1248 1067 1274 nemo
1085 1235 1187 1273 velit.
1218 1235 1342 1274 Scele-

216 1301 307 1326 rum
336 1290 578 1341 magnitudo,
603 1290 830 1329 conscientia
858 1290 1149 1339 maleficiorum,
1181 1289 1344 1342 direptio

218 1343 301 1391 ejus
320 1344 505 1394 pecuniae,
527 1346 636 1394 cujus
655 1344 750 1383 ratio
768 1345 809 1382 in
829 1344 909 1383 aede
936 1344 1036 1396 Opis
1071 1343 1240 1383 confecta
1269 1351 1340 1393 est,

216 1395 317 1436 hanc
335 1398 486 1437 tertiam
512 1399 707 1437 decuriam
737 1398 988 1450 excogitavit.
1018 1411 1088 1437 nec
1106 1406 1195 1437 ante
1212 1405 1343 1460 turpes

214 1450 363 1500 judices
389 1453 553 1504 quaesiti,
574 1466 693 1505 quam
712 1453 879 1492 honestis
902 1452 1097 1503 judicibus
1121 1453 1342 1492 nocentium

217 1505 321 1543 salus
340 1505 537 1558 desperata
556 1515 622 1546 est.

272 1559 348 1597 Sed
366 1560 464 1599 illud
483 1574 536 1609 os,
554 1562 662 1600 illam
674 1561 938 1614 impuritatem
957 1562 1052 1601 coeni
1070 1561 1202 1609 fuisse,
1215 1569 1260 1601 ut
1271 1562 1341 1603 hos

213 1613 364 1662 judices
381 1615 506 1666 legere
525 1617 706 1655 auderet!
739 1629 904 1668 quorum
922 1616 1083 1655 lectione
1102 1616 1277 1668 duplex‘
1264 1629 1342 1655 lm-

216 1667 447 1718 primeretur
472 1670 692 1722 reipublicae
724 1670 913 1709 dedecus:
944 1683 1083 1719 unum,
1117 1671 1222 1722 quod
1259 1678 1339 1711 tam

217 1727 348 1773 turpes
378 1723 525 1772 judices
559 1733 708 1769 essent;
751 1724 930 1773 alterum,
969 1724 1074 1777 quod
1104 1725 1339 1776 patefactum

216 1782 328 1824 esset,
360 1790 479 1828 quam
511 1779 655 1818 multos
687 1779 725 1816 in
761 1778 912 1817 civitate
939 1785 1070 1830 tui-pes
1097 1779 1339 1819 haberemus.

217 1828 335 1868 Hanc
357 1844 460 1882 ergo,
488 1840 525 1870 et
536 1833 709 1894 reliquas
729 1832 917 1882 ejusmodi
933 1833 1051 1884 leges,
1079 1833 1194 1872 etiam
1209 1834 1240 1872 si
1259 1834 1341 1878 sine

215 1883 269 1931 vi,
299 1885 413 1923 salvis
438 1886 629 1938 auspiciis,
662 1894 784 1926 essent
809 1893 965 1939 rogatae,
988 1899 1179 1926 censerem
1207 1895 1338 1928 tamen

217 1939 480 1990 abrogandas:
516 1954 620 1979 nunc
661 1955 748 1980 vero
778 1954 846 1981 cur
881 1941 1118 1993 abrogandas
1150 1954 1339 1992 censeam,

216 2004 314 2043 quas
311 1970 461 2042 ojudico
480 2007 558 2033 non
578 1998 761 2057 rogatas?

269 2047 338 2084 An
357 2047 425 2086 illa
443 2061 535 2096 non,
565 2050 800 2101 gravissimis
827 2050 1049 2112 ignominiis
1073 2049 1342 2090 monimentis-

218 2113 295 2152 que
319 2100 438 2151 hujus
468 2104 624 2153 ordinis,
656 2104 706 2142 ad
735 2105 965 2156 posteritatis
994 2105 1221 2144 memoriam
1253 2112 1344 2144 sunt

217 2155 401 2203 notanda,
423 2157 526 2209 quod
546 2171 647 2197 unus
680 2158 742 2197 M.
762 2159 960 2198 Antonius
985 2159 1026 2198 in
1045 2159 1117 2198 hac
1135 2161 1232 2199 urbe
1256 2165 1344 2210 post

214 2209 351 2248 urbem
367 2211 559 2251 conditam
578 2213 707 2265 palam
723 2225 852 2252 secum
867 2212 1002 2253 habuit
1014 2221 1203 2254 armatos
1192 2213 1211 2236 ‘³
1238 2212 1344 2265 quod
