<?xml version="1.0" encoding="UTF-8"?>
<!DOCTYPE html PUBLIC "-//W3C//DTD XHTML 1.0 Transitional//EN"
    "http://www.w3.org/TR/xhtml1/DTD/xhtml1-transitional.dtd">
<html xmlns="http://www.w3.org/1999/xhtml" xml:lang="en" lang="en">
 <head>
  <title>
</title>
<meta http-equiv="Content-Type" content="text/html;charset=utf-8" />
  <meta name='ocr-system' content='tesseract 3.04.00' />
  <meta name='ocr-capabilities' content='ocr_page ocr_carea ocr_par ocr_line ocrx_word'/>
</head>
<body>
  <div class='ocr_page' id='page_1' title='image "./operaern08ciceuoft_0079.png"; bbox 0 0 1509 2397; ppageno 0'>
   <div class='ocr_carea' id='block_1_1' title="bbox 382 58 1250 100">
    <p class='ocr_par' dir='ltr' id='par_1_1' title="bbox 382 58 1250 100">
     <span class='ocr_line' id='line_1_1' title="bbox 382 58 1250 100; baseline -0.002 -2"><span class='ocrx_word' id='word_1_1' title='bbox 382 58 449 98; x_wconf 87' lang='lat' dir='ltr'><strong>IN</strong></span> <span class='ocrx_word' id='word_1_2' title='bbox 478 58 755 100; x_wconf 82' lang='lat' dir='ltr'>PISONEM.</span> <span class='ocrx_word' id='word_1_3' title='bbox 786 58 892 97; x_wconf 74' lang='lat' dir='ltr'><strong>CAP.</strong></span> <span class='ocrx_word' id='word_1_4' title='bbox 921 58 987 96; x_wconf 81' lang='lat'><strong>36.</strong></span> <span class='ocrx_word' id='word_1_5' title='bbox 1197 60 1250 97; x_wconf 83' lang='lat'><strong>65</strong></span> 
     </span>
    </p>
   </div>
   <div class='ocr_carea' id='block_1_2' title="bbox 132 165 1279 2268">
    <p class='ocr_par' dir='ltr' id='par_1_2' title="bbox 132 165 1269 1082">
     <span class='ocr_line' id='line_1_2' title="bbox 133 165 1259 229; baseline -0.002 -21"><span class='ocrx_word' id='word_1_6' title='bbox 133 176 172 208; x_wconf 80' lang='lat' dir='ltr'><strong>et</strong></span> <span class='ocrx_word' id='word_1_7' title='bbox 188 167 366 229; x_wconf 63' lang='lat' dir='ltr'><strong>octogies,</strong></span> <span class='ocrx_word' id='word_1_8' title='bbox 386 167 506 218; x_wconf 89' lang='lat' dir='ltr'><strong>quod,</strong></span> <span class='ocrx_word' id='word_1_9' title='bbox 519 168 628 220; x_wconf 76' lang='lat' dir='ltr'><strong>quasi</strong></span> <span class='ocrx_word' id='word_1_10' title='bbox 644 167 782 206; x_wconf 82' lang='lat' dir='ltr'><strong>vasarii</strong></span> <span class='ocrx_word' id='word_1_11' title='bbox 792 166 963 213; x_wconf 86' lang='lat' dir='ltr'><strong>nomine,</strong></span> <span class='ocrx_word' id='word_1_12' title='bbox 980 166 1021 204; x_wconf 89' lang='lat' dir='ltr'><strong>in</strong></span> <span class='ocrx_word' id='word_1_13' title='bbox 1041 165 1259 206; x_wconf 80' lang='lat' dir='ltr'>venditione</span> 
     </span>
     <span class='ocr_line' id='line_1_3' title="bbox 133 220 1259 274; baseline -0.001 -14"><span class='ocrx_word' id='word_1_14' title='bbox 133 222 212 260; x_wconf 89' lang='lat' dir='ltr'><strong>mei</strong></span> <span class='ocrx_word' id='word_1_15' title='bbox 241 221 376 272; x_wconf 82' lang='lat' dir='ltr'><strong>capitis</strong></span> <span class='ocrx_word' id='word_1_16' title='bbox 394 221 660 274; x_wconf 81' lang='lat' dir='ltr'><strong>adscripseras,</strong></span> <span class='ocrx_word' id='word_1_17' title='bbox 686 235 735 260; x_wconf 80' lang='lat' dir='ltr'><strong>ex</strong></span> <span class='ocrx_word' id='word_1_18' title='bbox 758 221 891 260; x_wconf 85' lang='lat' dir='ltr'><strong>aerario</strong></span> <span class='ocrx_word' id='word_1_19' title='bbox 915 220 986 258; x_wconf 91' lang='lat' dir='ltr'><strong>tibi</strong></span> <span class='ocrx_word' id='word_1_20' title='bbox 1014 220 1259 270; x_wconf 88' lang='lat' dir='ltr'><strong>attributum,</strong></span> 
     </span>
     <span class='ocr_line' id='line_1_4' title="bbox 135 275 1258 327; baseline 0.001 -14"><span class='ocrx_word' id='word_1_21' title='bbox 135 275 307 315; x_wconf 84' lang='lat' dir='ltr'><strong>Romae</strong></span> <span class='ocrx_word' id='word_1_22' title='bbox 295 288 338 313; x_wconf 85' lang='lat' dir='ltr'><strong>ln</strong></span> <span class='ocrx_word' id='word_1_23' title='bbox 368 283 519 327; x_wconf 87' lang='lat' dir='ltr'><strong>quaestu</strong></span> <span class='ocrx_word' id='word_1_24' title='bbox 549 276 764 327; x_wconf 84' lang='lat' dir='ltr'>reliquisti.</span> <span class='ocrx_word' id='word_1_25' title='bbox 754 278 771 303; x_wconf 99' lang='grc'>9</span> <span class='ocrx_word' id='word_1_26' title='bbox 801 276 960 322; x_wconf 80' lang='lat' dir='ltr'>Nonne,</span> <span class='ocrx_word' id='word_1_27' title='bbox 988 287 1076 313; x_wconf 88' lang='lat' dir='ltr'><strong>cum</strong></span> <span class='ocrx_word' id='word_1_28' title='bbox 1109 275 1175 313; x_wconf 88' lang='lat' dir='ltr'><strong>CC</strong></span> <span class='ocrx_word' id='word_1_29' title='bbox 1198 283 1258 314; x_wconf 82' lang='grc'><strong>13-</strong></span> 
     </span>
     <span class='ocr_line' id='line_1_5' title="bbox 133 329 1261 381; baseline 0 -13"><span class='ocrx_word' id='word_1_30' title='bbox 133 329 239 368; x_wconf 78' lang='lat' dir='ltr'><strong>lenta</strong></span> <span class='ocrx_word' id='word_1_31' title='bbox 256 329 326 368; x_wconf 87' lang='lat' dir='ltr'><strong>tibi</strong></span> <span class='ocrx_word' id='word_1_32' title='bbox 344 329 608 381; x_wconf 86' lang='lat' dir='ltr'><strong>Apolloniatae</strong></span> <span class='ocrx_word' id='word_1_33' title='bbox 628 332 768 369; x_wconf 86' lang='lat' dir='ltr'><strong>Romae</strong></span> <span class='ocrx_word' id='word_1_34' title='bbox 786 329 991 375; x_wconf 78' lang='lat' dir='ltr'><strong>dedissent,</strong></span> <span class='ocrx_word' id='word_1_35' title='bbox 1012 341 1060 366; x_wconf 89' lang='lat' dir='ltr'><strong>ne</strong></span> <span class='ocrx_word' id='word_1_36' title='bbox 1079 329 1261 380; x_wconf 83' lang='lat' dir='ltr'>pecunias</span> 
     </span>
     <span class='ocr_line' id='line_1_6' title="bbox 134 383 1261 434; baseline -0.002 -10"><span class='ocrx_word' id='word_1_37' title='bbox 134 383 296 424; x_wconf 81' lang='lat' dir='ltr'><strong>creditas</strong></span> <span class='ocrx_word' id='word_1_38' title='bbox 313 384 516 431; x_wconf 82' lang='lat' dir='ltr'><strong>solverent,</strong></span> <span class='ocrx_word' id='word_1_39' title='bbox 539 385 642 423; x_wconf 88' lang='lat' dir='ltr'><strong>ultro</strong></span> <span class='ocrx_word' id='word_1_40' title='bbox 673 384 888 430; x_wconf 88' lang='lat' dir='ltr'><strong>Fufidium,</strong></span> <span class='ocrx_word' id='word_1_41' title='bbox 915 383 1084 434; x_wconf 85' lang='lat' dir='ltr'><strong>equitem</strong></span> <span class='ocrx_word' id='word_1_42' title='bbox 1111 383 1261 422; x_wconf 85' lang='lat' dir='ltr'><strong>Roma-</strong></span> 
     </span>
     <span class='ocr_line' id='line_1_7' title="bbox 134 437 1263 485; baseline 0 -9"><span class='ocrx_word' id='word_1_43' title='bbox 134 450 246 485; x_wconf 89' lang='lat' dir='ltr'><strong>num,</strong></span> <span class='ocrx_word' id='word_1_44' title='bbox 265 437 462 476; x_wconf 86' lang='lat' dir='ltr'><strong>hominem</strong></span> <span class='ocrx_word' id='word_1_45' title='bbox 488 438 790 485; x_wconf 85' lang='lat' dir='ltr'><strong>ornatissimum,</strong></span> <span class='ocrx_word' id='word_1_46' title='bbox 816 438 1055 484; x_wconf 86' lang='lat' dir='ltr'><strong>creditorem,</strong></span> <span class='ocrx_word' id='word_1_47' title='bbox 1079 437 1263 476; x_wconf 79' lang='lat' dir='ltr'><strong>debitori-</strong></span> 
     </span>
     <span class='ocr_line' id='line_1_8' title="bbox 134 492 1263 543; baseline -0.002 -11"><span class='ocrx_word' id='word_1_48' title='bbox 134 493 208 532; x_wconf 86' lang='lat' dir='ltr'><strong>bus</strong></span> <span class='ocrx_word' id='word_1_49' title='bbox 226 492 305 530; x_wconf 90' lang='lat' dir='ltr'><strong>suis</strong></span> <span class='ocrx_word' id='word_1_50' title='bbox 323 492 506 531; x_wconf 83' lang='lat' dir='ltr'><strong>addixisti</strong></span> <span class='ocrx_word' id='word_1_51' title='bbox 520 496 538 532; x_wconf 59' lang='grc' dir='ltr'><strong>ζ’</strong></span> <span class='ocrx_word' id='word_1_52' title='bbox 568 494 725 540; x_wconf 80' lang='lat' dir='ltr'><strong>Nonne,</strong></span> <span class='ocrx_word' id='word_1_53' title='bbox 738 493 899 530; x_wconf 90' lang='lat' dir='ltr'><strong>hiberna</strong></span> <span class='ocrx_word' id='word_1_54' title='bbox 914 504 1003 530; x_wconf 87' lang='lat' dir='ltr'><strong>cum</strong></span> <span class='ocrx_word' id='word_1_55' title='bbox 1017 492 1144 542; x_wconf 85' lang='lat' dir='ltr'><strong>legato</strong></span> <span class='ocrx_word' id='word_1_56' title='bbox 1163 505 1263 543; x_wconf 86' lang='lat' dir='ltr'><strong>prae-</strong></span> 
     </span>
     <span class='ocr_line' id='line_1_9' title="bbox 132 545 1263 598; baseline -0.001 -14"><span class='ocrx_word' id='word_1_57' title='bbox 132 545 309 598; x_wconf 78' lang='lat' dir='ltr'><strong>sectoque</strong></span> <span class='ocrx_word' id='word_1_58' title='bbox 334 547 567 595; x_wconf 81' lang='lat' dir='ltr'><strong>tradidisses,</strong></span> <span class='ocrx_word' id='word_1_59' title='bbox 592 548 759 586; x_wconf 81' lang='lat' dir='ltr'><strong>evertisti</strong></span> <span class='ocrx_word' id='word_1_60' title='bbox 781 546 938 585; x_wconf 84' lang='lat' dir='ltr'><strong>miseras</strong></span> <span class='ocrx_word' id='word_1_61' title='bbox 963 546 1139 584; x_wconf 79' lang='lat' dir='ltr'><strong>funditus</strong></span> <span class='ocrx_word' id='word_1_62' title='bbox 1170 546 1263 584; x_wconf 86' lang='lat' dir='ltr'><strong>civi·</strong></span> 
     </span>
     <span class='ocr_line' id='line_1_10' title="bbox 134 600 1264 653; baseline -0.001 -14"><span class='ocrx_word' id='word_1_63' title='bbox 134 607 230 639; x_wconf 80' lang='lat' dir='ltr'><strong>tates</strong></span> <span class='ocrx_word' id='word_1_64' title='bbox 244 614 256 646; x_wconf 81' lang='lat'><em>3</em></span> <span class='ocrx_word' id='word_1_65' title='bbox 282 614 370 653; x_wconf 88' lang='lat' dir='ltr'><strong>quae</strong></span> <span class='ocrx_word' id='word_1_66' title='bbox 381 614 458 639; x_wconf 90' lang='lat' dir='ltr'><strong>non</strong></span> <span class='ocrx_word' id='word_1_67' title='bbox 471 602 596 640; x_wconf 90' lang='lat' dir='ltr'><strong>solum</strong></span> <span class='ocrx_word' id='word_1_68' title='bbox 613 602 722 640; x_wconf 88' lang='lat' dir='ltr'><strong>bonis</strong></span> <span class='ocrx_word' id='word_1_69' title='bbox 733 609 824 640; x_wconf 88' lang='lat' dir='ltr'><strong>sunt</strong></span> <span class='ocrx_word' id='word_1_70' title='bbox 838 600 1048 646; x_wconf 76' lang='lat' dir='ltr'><strong>exhaustae,</strong></span> <span class='ocrx_word' id='word_1_71' title='bbox 1066 600 1131 638; x_wconf 88' lang='lat' dir='ltr'><strong>sed</strong></span> <span class='ocrx_word' id='word_1_72' title='bbox 1146 600 1264 639; x_wconf 84' lang='lat' dir='ltr'><strong>etiam</strong></span> 
     </span>
     <span class='ocr_line' id='line_1_11' title="bbox 135 654 1264 706; baseline 0 -13"><span class='ocrx_word' id='word_1_73' title='bbox 135 654 300 694; x_wconf 70' lang='lat' dir='ltr'><strong>nefarias</strong></span> <span class='ocrx_word' id='word_1_74' title='bbox 318 655 528 694; x_wconf 81' lang='lat' dir='ltr'><strong>libidinum</strong></span> <span class='ocrx_word' id='word_1_75' title='bbox 555 656 806 695; x_wconf 80' lang='lat' dir='ltr'><strong>contumelias</strong></span> <span class='ocrx_word' id='word_1_76' title='bbox 820 654 1156 706; x_wconf 83' lang='lat' dir='ltr'><strong>turpitudinesque</strong></span> <span class='ocrx_word' id='word_1_77' title='bbox 1172 656 1264 693; x_wconf 85' lang='lat' dir='ltr'><strong>sub-</strong></span> 
     </span>
     <span class='ocr_line' id='line_1_12' title="bbox 136 708 1262 757; baseline 0 -9"><span class='ocrx_word' id='word_1_78' title='bbox 136 708 294 749; x_wconf 85' lang='lat' dir='ltr'><strong>ierunt?</strong></span> <span class='ocrx_word' id='word_1_79' title='bbox 324 709 408 757; x_wconf 91' lang='lat' dir='ltr'><strong>Qui</strong></span> <span class='ocrx_word' id='word_1_80' title='bbox 429 710 568 749; x_wconf 88' lang='lat' dir='ltr'><strong>modus</strong></span> <span class='ocrx_word' id='word_1_81' title='bbox 593 711 663 749; x_wconf 81' lang='lat' dir='ltr'><strong>tibi</strong></span> <span class='ocrx_word' id='word_1_82' title='bbox 686 710 761 748; x_wconf 82' lang='lat' dir='ltr'><strong>fuit</strong></span> <span class='ocrx_word' id='word_1_83' title='bbox 794 709 979 748; x_wconf 88' lang='lat' dir='ltr'><strong>frumenti</strong></span> <span class='ocrx_word' id='word_1_84' title='bbox 1014 709 1229 747; x_wconf 74' lang='lat' dir='ltr'><strong>aestimandi</strong></span> <span class='ocrx_word' id='word_1_85' title='bbox 1244 711 1262 748; x_wconf 79' lang='lat'>?</span> 
     </span>
     <span class='ocr_line' id='line_1_13' title="bbox 137 762 1264 826; baseline 0 -25"><span class='ocrx_word' id='word_1_86' title='bbox 137 762 207 816; x_wconf 92' lang='lat' dir='ltr'><strong>qui</strong></span> <span class='ocrx_word' id='word_1_87' title='bbox 224 763 418 802; x_wconf 75' lang='lat' dir='ltr'><strong>honorarii</strong></span> <span class='ocrx_word' id='word_1_88' title='bbox 432 767 450 803; x_wconf 89' lang='grc'><strong>,9</strong></span> <span class='ocrx_word' id='word_1_89' title='bbox 479 764 511 802; x_wconf 91' lang='grc'><strong>31</strong></span> <span class='ocrx_word' id='word_1_90' title='bbox 533 765 706 826; x_wconf 82' lang='lat' dir='ltr'><strong>quidem</strong></span> <span class='ocrx_word' id='word_1_91' title='bbox 717 771 856 816; x_wconf 90' lang='lat' dir='ltr'><strong>potest,</strong></span> <span class='ocrx_word' id='word_1_92' title='bbox 877 763 916 801; x_wconf 85' lang='lat' dir='ltr'><strong>vi</strong></span> <span class='ocrx_word' id='word_1_93' title='bbox 943 770 980 801; x_wconf 91' lang='lat' dir='ltr'><strong>et</strong></span> <span class='ocrx_word' id='word_1_94' title='bbox 1008 771 1115 801; x_wconf 90' lang='lat' dir='ltr'><strong>metu</strong></span> <span class='ocrx_word' id='word_1_95' title='bbox 1136 772 1264 802; x_wconf 80' lang='lat' dir='ltr'><strong>extor-</strong></span> 
     </span>
     <span class='ocr_line' id='line_1_14' title="bbox 135 817 1264 868; baseline -0.002 -11"><span class='ocrx_word' id='word_1_96' title='bbox 135 824 238 866; x_wconf 79' lang='lat' dir='ltr'><strong>tum,</strong></span> <span class='ocrx_word' id='word_1_97' title='bbox 257 818 505 857; x_wconf 85' lang='lat' dir='ltr'><strong>honorarium</strong></span> <span class='ocrx_word' id='word_1_98' title='bbox 517 819 721 858; x_wconf 87' lang='lat' dir='ltr'><strong>nominari.</strong></span> <span class='ocrx_word' id='word_1_99' title='bbox 752 817 871 866; x_wconf 90' lang='lat' dir='ltr'><strong>Qucd</strong></span> <span class='ocrx_word' id='word_1_100' title='bbox 886 830 975 856; x_wconf 90' lang='lat' dir='ltr'><strong>cum</strong></span> <span class='ocrx_word' id='word_1_101' title='bbox 989 830 1169 868; x_wconf 86' lang='lat' dir='ltr'><strong>peraeque</strong></span> <span class='ocrx_word' id='word_1_102' title='bbox 1180 830 1264 855; x_wconf 84' lang='lat' dir='ltr'><strong>om-</strong></span> 
     </span>
     <span class='ocr_line' id='line_1_15' title="bbox 136 872 1267 923; baseline -0.001 -12"><span class='ocrx_word' id='word_1_103' title='bbox 136 884 219 921; x_wconf 67' lang='lat' dir='ltr'><strong>nae,</strong></span> <span class='ocrx_word' id='word_1_104' title='bbox 251 880 338 910; x_wconf 91' lang='lat' dir='ltr'><strong>tum</strong></span> <span class='ocrx_word' id='word_1_105' title='bbox 364 873 604 913; x_wconf 85' lang='lat' dir='ltr'><strong>acerbissime</strong></span> <span class='ocrx_word' id='word_1_106' title='bbox 632 873 787 919; x_wconf 82' lang='lat' dir='ltr'><strong>Boeotii,</strong></span> <span class='ocrx_word' id='word_1_107' title='bbox 813 880 850 910; x_wconf 93' lang='lat' dir='ltr'><strong>et</strong></span> <span class='ocrx_word' id='word_1_108' title='bbox 872 872 1069 923; x_wconf 87' lang='lat' dir='ltr'><strong>Byzantii,</strong></span> <span class='ocrx_word' id='word_1_109' title='bbox 1101 872 1267 910; x_wconf 83' lang='lat' dir='ltr'><strong>Cherro-</strong></span> 
     </span>
     <span class='ocr_line' id='line_1_16' title="bbox 136 925 1267 990; baseline -0.002 -23"><span class='ocrx_word' id='word_1_110' title='bbox 136 938 286 974; x_wconf 66' lang='lat' dir='ltr'><strong>nensoe,</strong></span> <span class='ocrx_word' id='word_1_111' title='bbox 308 926 583 966; x_wconf 81' lang='lat' dir='ltr'><strong>Thessalonica</strong></span> <span class='ocrx_word' id='word_1_112' title='bbox 602 927 729 967; x_wconf 82' lang='lat' dir='ltr'><strong>sensit.</strong></span> <span class='ocrx_word' id='word_1_113' title='bbox 759 927 875 970; x_wconf 85' lang='lat' dir='ltr'><strong>Unus</strong></span> <span class='ocrx_word' id='word_1_114' title='bbox 889 935 932 964; x_wconf 92' lang='lat' dir='ltr'><strong>tu</strong></span> <span class='ocrx_word' id='word_1_115' title='bbox 939 925 1147 990; x_wconf 83' lang='lat' dir='ltr'><strong>dominus,</strong></span> <span class='ocrx_word' id='word_1_116' title='bbox 1164 938 1267 965; x_wconf 92' lang='lat' dir='ltr'><strong>unus</strong></span> 
     </span>
     <span class='ocr_line' id='line_1_17' title="bbox 137 980 1269 1043; baseline -0.002 -23"><span class='ocrx_word' id='word_1_117' title='bbox 137 981 358 1028; x_wconf 65' lang='lat' dir='ltr'><strong>aestimator,</strong></span> <span class='ocrx_word' id='word_1_118' title='bbox 374 994 476 1020; x_wconf 91' lang='lat' dir='ltr'><strong>unus</strong></span> <span class='ocrx_word' id='word_1_119' title='bbox 488 995 559 1020; x_wconf 85' lang='lat' dir='ltr'><strong>ven</strong></span> <span class='ocrx_word' id='word_1_120' title='bbox 563 982 675 1043; x_wconf 80' lang='lat' dir='ltr'><strong>ditor,</strong></span> <span class='ocrx_word' id='word_1_121' title='bbox 690 982 769 1020; x_wconf 83' lang='grc'><strong>1013</strong></span> <span class='ocrx_word' id='word_1_122' title='bbox 784 981 825 1019; x_wconf 88' lang='grc'><strong>111</strong></span> <span class='ocrx_word' id='word_1_123' title='bbox 840 980 1052 1033; x_wconf 79' lang='lat' dir='ltr'><strong>provincia,</strong></span> <span class='ocrx_word' id='word_1_124' title='bbox 1068 994 1137 1032; x_wconf 89' lang='lat' dir='ltr'><strong>per</strong></span> <span class='ocrx_word' id='word_1_125' title='bbox 1151 981 1269 1019; x_wconf 87' lang='lat' dir='ltr'><strong>trien-</strong></span> 
     </span>
     <span class='ocr_line' id='line_1_18' title="bbox 137 1034 750 1082; baseline 0.002 -9"><span class='ocrx_word' id='word_1_126' title='bbox 137 1034 264 1082; x_wconf 88' lang='lat' dir='ltr'><strong>nium,</strong></span> <span class='ocrx_word' id='word_1_127' title='bbox 283 1035 470 1074; x_wconf 88' lang='lat' dir='ltr'><strong>frumenti</strong></span> <span class='ocrx_word' id='word_1_128' title='bbox 488 1037 613 1074; x_wconf 84' lang='lat' dir='ltr'><strong>omnis</strong></span> <span class='ocrx_word' id='word_1_129' title='bbox 630 1035 750 1074; x_wconf 85' lang='lat' dir='ltr'><strong>fuisti.</strong></span> 
     </span>
    </p>

    <p class='ocr_par' dir='ltr' id='par_1_3' title="bbox 138 1089 1274 1848">
     <span class='ocr_line' id='line_1_19' title="bbox 192 1089 1264 1142; baseline 0.002 -14"><span class='ocrx_word' id='word_1_130' title='bbox 192 1089 400 1128; x_wconf 87' lang='lat' dir='ltr'>XXXVI.</span> <span class='ocrx_word' id='word_1_131' title='bbox 430 1090 539 1138; x_wconf 89' lang='lat' dir='ltr'><strong>Quid</strong></span> <span class='ocrx_word' id='word_1_132' title='bbox 554 1103 624 1142; x_wconf 88' lang='lat' dir='ltr'><strong>ego</strong></span> <span class='ocrx_word' id='word_1_133' title='bbox 642 1104 772 1129; x_wconf 87' lang='lat' dir='ltr'><strong>rerum</strong></span> <span class='ocrx_word' id='word_1_134' title='bbox 784 1089 1006 1142; x_wconf 72' lang='lat' dir='ltr'><strong>capitalium</strong></span> <span class='ocrx_word' id='word_1_135' title='bbox 1021 1089 1264 1141; x_wconf 83' lang='lat' dir='ltr'><strong>quaestiones,</strong></span> 
     </span>
     <span class='ocr_line' id='line_1_20' title="bbox 138 1143 1269 1196; baseline -0.004 -14"><span class='ocrx_word' id='word_1_136' title='bbox 138 1156 292 1184; x_wconf 82' lang='lat' dir='ltr'><strong>reorum</strong></span> <span class='ocrx_word' id='word_1_137' title='bbox 325 1144 533 1196; x_wconf 84' lang='lat' dir='ltr'><strong>pactiones,</strong></span> <span class='ocrx_word' id='word_1_138' title='bbox 564 1145 833 1190; x_wconf 85' lang='lat' dir='ltr'><strong>redemtiones,</strong></span> <span class='ocrx_word' id='word_1_139' title='bbox 869 1143 1131 1182; x_wconf 77' lang='lat' dir='ltr'><strong>acerbissimas</strong></span> <span class='ocrx_word' id='word_1_140' title='bbox 1157 1143 1269 1182; x_wconf 83' lang='lat' dir='ltr'><strong>dam.</strong></span> 
     </span>
     <span class='ocr_line' id='line_1_21' title="bbox 138 1198 1270 1250; baseline -0.001 -13"><span class='ocrx_word' id='word_1_141' title='bbox 138 1198 325 1245; x_wconf 52' lang='lat' dir='ltr'><strong>nationes,</strong></span> <span class='ocrx_word' id='word_1_142' title='bbox 338 1198 668 1238; x_wconf 86' lang='lat' dir='ltr'><strong>libidinosissimas</strong></span> <span class='ocrx_word' id='word_1_143' title='bbox 678 1199 935 1247; x_wconf 72' lang='lat' dir='ltr'><strong>liberationes,</strong></span> <span class='ocrx_word' id='word_1_144' title='bbox 949 1198 1142 1250; x_wconf 80' lang='lat' dir='ltr'><strong>proferam</strong></span> <span class='ocrx_word' id='word_1_145' title='bbox 1153 1198 1171 1233; x_wconf 71' lang='grc'><strong>’.9</strong></span> <span class='ocrx_word' id='word_1_146' title='bbox 1186 1206 1270 1236; x_wconf 83' lang='lat' dir='ltr'><strong>tan-</strong></span> 
     </span>
     <span class='ocr_line' id='line_1_22' title="bbox 138 1252 1271 1315; baseline -0.001 -24"><span class='ocrx_word' id='word_1_147' title='bbox 138 1259 225 1291; x_wconf 87' lang='lat' dir='ltr'><strong>tum</strong></span> <span class='ocrx_word' id='word_1_148' title='bbox 244 1253 375 1291; x_wconf 88' lang='lat' dir='ltr'><strong>locum</strong></span> <span class='ocrx_word' id='word_1_149' title='bbox 393 1253 564 1315; x_wconf 81' lang='lat' dir='ltr'><strong>aliquem</strong></span> <span class='ocrx_word' id='word_1_150' title='bbox 581 1267 670 1292; x_wconf 89' lang='lat' dir='ltr'><strong>cum</strong></span> <span class='ocrx_word' id='word_1_151' title='bbox 682 1253 781 1291; x_wconf 86' lang='lat' dir='ltr'><strong>mihi</strong></span> <span class='ocrx_word' id='word_1_152' title='bbox 796 1261 933 1291; x_wconf 89' lang='lat' dir='ltr'><strong>notum</strong></span> <span class='ocrx_word' id='word_1_153' title='bbox 953 1252 1127 1298; x_wconf 85' lang='lat' dir='ltr'><strong>senseris,</strong></span> <span class='ocrx_word' id='word_1_154' title='bbox 1141 1260 1271 1291; x_wconf 90' lang='lat' dir='ltr'><strong>tecum</strong></span> 
     </span>
     <span class='ocr_line' id='line_1_23' title="bbox 138 1306 1271 1359; baseline -0.002 -13"><span class='ocrx_word' id='word_1_155' title='bbox 138 1307 237 1358; x_wconf 89' lang='lat' dir='ltr'><strong>ipse,</strong></span> <span class='ocrx_word' id='word_1_156' title='bbox 257 1306 402 1353; x_wconf 81' lang='lat' dir='ltr'><strong>licebit,</strong></span> <span class='ocrx_word' id='word_1_157' title='bbox 422 1316 516 1359; x_wconf 90' lang='lat' dir='ltr'><strong>quot</strong></span> <span class='ocrx_word' id='word_1_158' title='bbox 538 1308 579 1346; x_wconf 91' lang='lat' dir='ltr'><strong>in</strong></span> <span class='ocrx_word' id='word_1_159' title='bbox 609 1321 652 1346; x_wconf 92' lang='lat' dir='ltr'><strong>eo</strong></span> <span class='ocrx_word' id='word_1_160' title='bbox 678 1320 830 1359; x_wconf 90' lang='lat' dir='ltr'><strong>genere,</strong></span> <span class='ocrx_word' id='word_1_161' title='bbox 863 1315 901 1345; x_wconf 85' lang='lat' dir='ltr'><strong>et</strong></span> <span class='ocrx_word' id='word_1_162' title='bbox 929 1315 1074 1358; x_wconf 87' lang='lat' dir='ltr'><strong>quanta</strong></span> <span class='ocrx_word' id='word_1_163' title='bbox 1096 1306 1173 1345; x_wconf 83' lang='lat' dir='ltr'><strong>sint</strong></span> <span class='ocrx_word' id='word_1_164' title='bbox 1198 1307 1271 1345; x_wconf 89' lang='lat' dir='ltr'><strong>cri-</strong></span> 
     </span>
     <span class='ocr_line' id='line_1_24' title="bbox 138 1360 1269 1410; baseline -0.001 -11"><span class='ocrx_word' id='word_1_165' title='bbox 138 1360 261 1408; x_wconf 84' lang='lat' dir='ltr'><strong>mina,</strong></span> <span class='ocrx_word' id='word_1_166' title='bbox 291 1361 497 1400; x_wconf 85' lang='lat' dir='ltr'><strong>recordere.</strong></span> <span class='ocrx_word' id='word_1_167' title='bbox 527 1361 670 1410; x_wconf 83' lang='lat' dir='ltr'><strong>Quid?</strong></span> <span class='ocrx_word' id='word_1_168' title='bbox 705 1362 814 1399; x_wconf 90' lang='lat' dir='ltr'><strong>illam</strong></span> <span class='ocrx_word' id='word_1_169' title='bbox 845 1373 1042 1399; x_wconf 87' lang='lat' dir='ltr'><strong>armorum</strong></span> <span class='ocrx_word' id='word_1_170' title='bbox 1075 1360 1269 1399; x_wconf 84' lang='lat' dir='ltr'><strong>officinam</strong></span> 
     </span>
     <span class='ocr_line' id='line_1_25' title="bbox 140 1415 1272 1467; baseline 0.001 -15"><span class='ocrx_word' id='word_1_171' title='bbox 140 1415 279 1466; x_wconf 82' lang='lat' dir='ltr'><strong>ecquid</strong></span> <span class='ocrx_word' id='word_1_172' title='bbox 296 1415 516 1465; x_wconf 83' lang='lat' dir='ltr'><strong>recordaris,</strong></span> <span class='ocrx_word' id='word_1_173' title='bbox 537 1428 642 1463; x_wconf 87' lang='lat' dir='ltr'><strong>cum,</strong></span> <span class='ocrx_word' id='word_1_174' title='bbox 663 1415 770 1454; x_wconf 88' lang='lat' dir='ltr'><strong>omni</strong></span> <span class='ocrx_word' id='word_1_175' title='bbox 784 1415 900 1453; x_wconf 89' lang='lat' dir='ltr'><strong>totius</strong></span> <span class='ocrx_word' id='word_1_176' title='bbox 912 1415 1118 1467; x_wconf 82' lang='lat' dir='ltr'><strong>provinciae</strong></span> <span class='ocrx_word' id='word_1_177' title='bbox 1136 1428 1272 1466; x_wconf 85' lang='lat' dir='ltr'><strong>pecore</strong></span> 
     </span>
     <span class='ocr_line' id='line_1_26' title="bbox 141 1469 1271 1521; baseline -0.002 -12"><span class='ocrx_word' id='word_1_178' title='bbox 141 1470 354 1521; x_wconf 66' lang='lat' dir='ltr'><strong>compulso,</strong></span> <span class='ocrx_word' id='word_1_179' title='bbox 375 1469 538 1521; x_wconf 85' lang='lat' dir='ltr'><strong>pellium</strong></span> <span class='ocrx_word' id='word_1_180' title='bbox 563 1470 734 1517; x_wconf 81' lang='lat' dir='ltr'><strong>nomine,</strong></span> <span class='ocrx_word' id='word_1_181' title='bbox 761 1482 918 1508; x_wconf 90' lang='lat' dir='ltr'><strong>omnem</strong></span> <span class='ocrx_word' id='word_1_182' title='bbox 944 1477 1137 1521; x_wconf 85' lang='lat' dir='ltr'><strong>quaestum</strong></span> <span class='ocrx_word' id='word_1_183' title='bbox 1156 1469 1271 1507; x_wconf 86' lang='lat' dir='ltr'><strong>illum</strong></span> 
     </span>
     <span class='ocr_line' id='line_1_27' title="bbox 141 1523 1268 1576; baseline -0.001 -14"><span class='ocrx_word' id='word_1_184' title='bbox 141 1523 396 1562; x_wconf 56' lang='lat' dir='ltr'><strong>domesticum</strong></span> <span class='ocrx_word' id='word_1_185' title='bbox 414 1531 698 1576; x_wconf 86' lang='lat' dir='ltr'><strong>paternumque</strong></span> <span class='ocrx_word' id='word_1_186' title='bbox 716 1523 930 1562; x_wconf 81' lang='lat' dir='ltr'><strong>renovasti.</strong></span> <span class='ocrx_word' id='word_1_187' title='bbox 921 1526 938 1551; x_wconf 87' lang='grc'>9</span> <span class='ocrx_word' id='word_1_188' title='bbox 970 1524 1007 1561; x_wconf 80' lang='lat' dir='ltr'>V</span> <span class='ocrx_word' id='word_1_189' title='bbox 1009 1523 1133 1562; x_wconf 88' lang='lat' dir='ltr'><strong>ideras</strong></span> <span class='ocrx_word' id='word_1_190' title='bbox 1149 1523 1268 1571; x_wconf 85' lang='lat' dir='ltr'><strong>enim,</strong></span> 
     </span>
     <span class='ocr_line' id='line_1_28' title="bbox 141 1577 1274 1640; baseline -0.001 -23"><span class='ocrx_word' id='word_1_191' title='bbox 141 1578 298 1630; x_wconf 86' lang='lat' dir='ltr'><strong>grandis</strong></span> <span class='ocrx_word' id='word_1_192' title='bbox 316 1580 400 1629; x_wconf 84' lang='lat' dir='ltr'><strong>jam</strong></span> <span class='ocrx_word' id='word_1_193' title='bbox 429 1592 541 1630; x_wconf 88' lang='lat' dir='ltr'><strong>puer,</strong></span> <span class='ocrx_word' id='word_1_194' title='bbox 562 1579 664 1617; x_wconf 78' lang='lat' dir='ltr'><strong>bello</strong></span> <span class='ocrx_word' id='word_1_195' title='bbox 680 1579 831 1640; x_wconf 81' lang='lat' dir='ltr'><strong>Italico,</strong></span> <span class='ocrx_word' id='word_1_196' title='bbox 856 1577 995 1629; x_wconf 84' lang='lat' dir='ltr'><strong>repleri</strong></span> <span class='ocrx_word' id='word_1_197' title='bbox 1017 1586 1169 1629; x_wconf 85' lang='lat' dir='ltr'><strong>quaestu</strong></span> <span class='ocrx_word' id='word_1_198' title='bbox 1189 1591 1274 1616; x_wconf 81' lang='lat' dir='ltr'><strong>ves·</strong></span> 
     </span>
     <span class='ocr_line' id='line_1_29' title="bbox 140 1632 1272 1685; baseline -0.001 -13"><span class='ocrx_word' id='word_1_199' title='bbox 140 1640 242 1672; x_wconf 84' lang='lat' dir='ltr'><strong>tram</strong></span> <span class='ocrx_word' id='word_1_200' title='bbox 267 1632 445 1680; x_wconf 88' lang='lat' dir='ltr'><strong>domum,</strong></span> <span class='ocrx_word' id='word_1_201' title='bbox 471 1646 561 1672; x_wconf 87' lang='lat' dir='ltr'><strong>cum</strong></span> <span class='ocrx_word' id='word_1_202' title='bbox 579 1641 688 1685; x_wconf 86' lang='lat' dir='ltr'><strong>pater</strong></span> <span class='ocrx_word' id='word_1_203' title='bbox 719 1633 836 1671; x_wconf 86' lang='grc'><strong>3111113</strong></span> <span class='ocrx_word' id='word_1_204' title='bbox 862 1632 1044 1671; x_wconf 85' lang='lat' dir='ltr'><strong>faciendis</strong></span> <span class='ocrx_word' id='word_1_205' title='bbox 1064 1640 1154 1670; x_wconf 90' lang='lat' dir='ltr'><strong>tuus</strong></span> <span class='ocrx_word' id='word_1_206' title='bbox 1171 1645 1272 1684; x_wconf 83' lang='lat' dir='ltr'><strong>prae-</strong></span> 
     </span>
     <span class='ocr_line' id='line_1_30' title="bbox 140 1686 1272 1749; baseline -0.002 -23"><span class='ocrx_word' id='word_1_207' title='bbox 140 1686 286 1726; x_wconf 79' lang='lat' dir='ltr'><strong>fuisset.</strong></span> <span class='ocrx_word' id='word_1_208' title='bbox 317 1687 458 1735; x_wconf 84' lang='lat' dir='ltr'><strong>Quid?</strong></span> <span class='ocrx_word' id='word_1_209' title='bbox 488 1688 714 1749; x_wconf 73' lang='lat' dir='ltr'><strong>vectigalem</strong></span> <span class='ocrx_word' id='word_1_210' title='bbox 738 1687 991 1740; x_wconf 79' lang='lat' dir='ltr'><strong>provinciam,</strong></span> <span class='ocrx_word' id='word_1_211' title='bbox 1023 1687 1184 1738; x_wconf 82' lang='lat' dir='ltr'><strong>singulis</strong></span> <span class='ocrx_word' id='word_1_212' title='bbox 1213 1700 1272 1725; x_wconf 92' lang='lat' dir='ltr'><strong>re-</strong></span> 
     </span>
     <span class='ocr_line' id='line_1_31' title="bbox 142 1741 1274 1803; baseline -0.001 -23"><span class='ocrx_word' id='word_1_213' title='bbox 142 1742 230 1790; x_wconf 89' lang='lat' dir='ltr'><strong>bus,</strong></span> <span class='ocrx_word' id='word_1_214' title='bbox 263 1755 520 1794; x_wconf 87' lang='lat' dir='ltr'><strong>quaecumque</strong></span> <span class='ocrx_word' id='word_1_215' title='bbox 542 1742 730 1790; x_wconf 81' lang='lat' dir='ltr'><strong>venirent,</strong></span> <span class='ocrx_word' id='word_1_216' title='bbox 761 1750 863 1781; x_wconf 86' lang='lat' dir='ltr'><strong>certo</strong></span> <span class='ocrx_word' id='word_1_217' title='bbox 884 1741 1052 1793; x_wconf 82' lang='lat' dir='ltr'><strong>portorio</strong></span> <span class='ocrx_word' id='word_1_218' title='bbox 1074 1741 1274 1803; x_wconf 77' lang='lat' dir='ltr'><strong>imposito,</strong></span> 
     </span>
     <span class='ocr_line' id='line_1_32' title="bbox 143 1795 1208 1848; baseline -0.001 -14"><span class='ocrx_word' id='word_1_219' title='bbox 143 1796 259 1835; x_wconf 84' lang='lat' dir='ltr'><strong>servis</strong></span> <span class='ocrx_word' id='word_1_220' title='bbox 279 1795 356 1835; x_wconf 86' lang='lat' dir='ltr'><strong>tuis</strong></span> <span class='ocrx_word' id='word_1_221' title='bbox 372 1797 589 1848; x_wconf 84' lang='lat' dir='ltr'><strong>publicanis</strong></span> <span class='ocrx_word' id='word_1_222' title='bbox 609 1810 632 1835; x_wconf 90' lang='grc'><strong>3</strong></span> <span class='ocrx_word' id='word_1_223' title='bbox 649 1804 688 1836; x_wconf 88' lang='lat' dir='ltr'><strong>te</strong></span> <span class='ocrx_word' id='word_1_224' title='bbox 706 1797 848 1836; x_wconf 82' lang='lat' dir='ltr'><strong>factam</strong></span> <span class='ocrx_word' id='word_1_225' title='bbox 868 1809 948 1834; x_wconf 86' lang='lat' dir='ltr'><strong>esse</strong></span> <span class='ocrx_word' id='word_1_226' title='bbox 965 1795 1200 1834; x_wconf 81' lang='lat' dir='ltr'><strong>meministi.</strong></span> <span class='ocrx_word' id='word_1_227' title='bbox 1190 1798 1208 1820; x_wconf 87' lang='grc'>9</span> 
     </span>
    </p>

    <p class='ocr_par' dir='ltr' id='par_1_4' title="bbox 145 1850 1279 2230">
     <span class='ocr_line' id='line_1_33' title="bbox 199 1850 1279 1903; baseline 0 -15"><span class='ocrx_word' id='word_1_228' title='bbox 199 1850 335 1898; x_wconf 86' lang='lat' dir='ltr'><strong>Quid.</strong></span> <span class='ocrx_word' id='word_1_229' title='bbox 324 1852 342 1879; x_wconf 98' lang='grc'>9</span> <span class='ocrx_word' id='word_1_230' title='bbox 371 1852 605 1890; x_wconf 85' lang='lat' dir='ltr'><strong>centuriatus</strong></span> <span class='ocrx_word' id='word_1_231' title='bbox 635 1852 767 1903; x_wconf 85' lang='lat' dir='ltr'><strong>palam</strong></span> <span class='ocrx_word' id='word_1_232' title='bbox 800 1850 1008 1889; x_wconf 73' lang='grc'><strong>113111111039</strong></span> <span class='ocrx_word' id='word_1_233' title='bbox 1047 1850 1169 1901; x_wconf 88' lang='lat' dir='ltr'><strong>quid.</strong></span> <span class='ocrx_word' id='word_1_234' title='bbox 1159 1852 1177 1876; x_wconf 92' lang='grc'>9</span> <span class='ocrx_word' id='word_1_235' title='bbox 1205 1863 1279 1901; x_wconf 88' lang='lat' dir='ltr'><strong>per</strong></span> 
     </span>
     <span class='ocr_line' id='line_1_34' title="bbox 146 1903 1276 1957; baseline 0 -15"><span class='ocrx_word' id='word_1_236' title='bbox 146 1910 262 1943; x_wconf 85' lang='lat' dir='ltr'><strong>tuum</strong></span> <span class='ocrx_word' id='word_1_237' title='bbox 291 1906 486 1944; x_wconf 87' lang='lat' dir='ltr'><strong>servulum</strong></span> <span class='ocrx_word' id='word_1_238' title='bbox 516 1906 667 1945; x_wconf 79' lang='lat' dir='ltr'><strong>ordines</strong></span> <span class='ocrx_word' id='word_1_239' title='bbox 697 1906 940 1957; x_wconf 76' lang='lat' dir='ltr'><strong>assignatos?</strong></span> <span class='ocrx_word' id='word_1_240' title='bbox 970 1903 1066 1956; x_wconf 88' lang='lat' dir='ltr'><strong>quid</strong></span> <span class='ocrx_word' id='word_1_241' title='bbox 1082 1906 1100 1943; x_wconf 84' lang='lat'>?</span> <span class='ocrx_word' id='word_1_242' title='bbox 1131 1904 1276 1955; x_wconf 80' lang='lat' dir='ltr'><strong>stipen-</strong></span> 
     </span>
     <span class='ocr_line' id='line_1_35' title="bbox 145 1958 1277 2012; baseline 0 -16"><span class='ocrx_word' id='word_1_243' title='bbox 145 1958 257 1996; x_wconf 84' lang='lat' dir='ltr'><strong>dium</strong></span> <span class='ocrx_word' id='word_1_244' title='bbox 275 1959 465 1998; x_wconf 82' lang='lat' dir='ltr'><strong>militibus</strong></span> <span class='ocrx_word' id='word_1_245' title='bbox 479 1973 547 2012; x_wconf 87' lang='lat' dir='ltr'><strong>per</strong></span> <span class='ocrx_word' id='word_1_246' title='bbox 567 1973 700 1999; x_wconf 91' lang='lat' dir='ltr'><strong>omnes</strong></span> <span class='ocrx_word' id='word_1_247' title='bbox 714 1973 835 2000; x_wconf 82' lang='lat' dir='ltr'><strong>annos</strong></span> <span class='ocrx_word' id='word_1_248' title='bbox 847 1973 870 1997; x_wconf 86' lang='lat' dir='ltr'><strong>a</strong></span> <span class='ocrx_word' id='word_1_249' title='bbox 885 1959 1117 2007; x_wconf 83' lang='lat' dir='ltr'><strong>civitatibus,</strong></span> <span class='ocrx_word' id='word_1_250' title='bbox 1133 1958 1277 1997; x_wconf 88' lang='lat' dir='ltr'><strong>mensis</strong></span> 
     </span>
     <span class='ocr_line' id='line_1_36' title="bbox 146 2013 1275 2065; baseline -0.001 -14"><span class='ocrx_word' id='word_1_251' title='bbox 146 2013 278 2064; x_wconf 80' lang='lat' dir='ltr'><strong>palam</strong></span> <span class='ocrx_word' id='word_1_252' title='bbox 313 2014 531 2065; x_wconf 87' lang='lat' dir='ltr'><strong>propositis,</strong></span> <span class='ocrx_word' id='word_1_253' title='bbox 571 2028 651 2054; x_wconf 61' lang='lat' dir='ltr'><strong>esse</strong></span> <span class='ocrx_word' id='word_1_254' title='bbox 685 2015 966 2052; x_wconf 81' lang='lat' dir='ltr'><strong>numeratum?</strong></span> <span class='ocrx_word' id='word_1_255' title='bbox 997 2013 1093 2065; x_wconf 88' lang='lat' dir='ltr'><strong>quid</strong></span> <span class='ocrx_word' id='word_1_256' title='bbox 1128 2013 1197 2050; x_wconf 85' lang='lat' dir='ltr'><strong>illa</strong></span> <span class='ocrx_word' id='word_1_257' title='bbox 1233 2013 1275 2051; x_wconf 92' lang='lat' dir='ltr'><strong>in</strong></span> 
     </span>
     <span class='ocr_line' id='line_1_37' title="bbox 148 2066 1279 2119; baseline 0.001 -15"><span class='ocrx_word' id='word_1_258' title='bbox 148 2066 321 2105; x_wconf 90' lang='lat' dir='ltr'><strong>Pontum</strong></span> <span class='ocrx_word' id='word_1_259' title='bbox 339 2068 522 2119; x_wconf 87' lang='lat' dir='ltr'><strong>profectio</strong></span> <span class='ocrx_word' id='word_1_260' title='bbox 545 2076 583 2108; x_wconf 91' lang='lat' dir='ltr'><strong>et</strong></span> <span class='ocrx_word' id='word_1_261' title='bbox 610 2077 768 2108; x_wconf 83' lang='lat' dir='ltr'><strong>conatus</strong></span> <span class='ocrx_word' id='word_1_262' title='bbox 786 2070 908 2106; x_wconf 85' lang='grc'><strong>1111139</strong></span> <span class='ocrx_word' id='word_1_263' title='bbox 939 2067 1035 2119; x_wconf 89' lang='lat' dir='ltr'><strong>quid</strong></span> <span class='ocrx_word' id='word_1_264' title='bbox 1065 2067 1279 2105; x_wconf 82' lang='lat' dir='ltr'><strong>debilitatio</strong></span> 
     </span>
     <span class='ocr_line' id='line_1_38' title="bbox 146 2121 1275 2186; baseline 0 -26"><span class='ocrx_word' id='word_1_265' title='bbox 146 2126 265 2186; x_wconf 78' lang='lat' dir='ltr'><strong>atque</strong></span> <span class='ocrx_word' id='word_1_266' title='bbox 282 2123 444 2172; x_wconf 74' lang='lat' dir='ltr'><strong>abjectio</strong></span> <span class='ocrx_word' id='word_1_267' title='bbox 468 2123 591 2162; x_wconf 83' lang='lat' dir='ltr'><strong>animi</strong></span> <span class='ocrx_word' id='word_1_268' title='bbox 609 2123 681 2171; x_wconf 87' lang='lat' dir='ltr'><strong>tui,</strong></span> <span class='ocrx_word' id='word_1_269' title='bbox 706 2121 940 2162; x_wconf 84' lang='lat' dir='ltr'><strong>Macedonia</strong></span> <span class='ocrx_word' id='word_1_270' title='bbox 968 2122 1149 2174; x_wconf 84' lang='lat' dir='ltr'><strong>praetoria</strong></span> <span class='ocrx_word' id='word_1_271' title='bbox 1172 2134 1275 2160; x_wconf 87' lang='lat' dir='ltr'><strong>nun-</strong></span> 
     </span>
     <span class='ocr_line' id='line_1_39' title="bbox 145 2173 1274 2230; baseline -0.002 -15"><span class='ocrx_word' id='word_1_272' title='bbox 145 2173 252 2226; x_wconf 81' lang='grc'><strong>6313,</strong></span> <span class='ocrx_word' id='word_1_273' title='bbox 287 2188 377 2220; x_wconf 81' lang='lat' dir='ltr'><strong>cum</strong></span> <span class='ocrx_word' id='word_1_274' title='bbox 406 2184 449 2216; x_wconf 87' lang='lat' dir='ltr'><strong>tu</strong></span> <span class='ocrx_word' id='word_1_275' title='bbox 479 2190 559 2219; x_wconf 86' lang='lat' dir='ltr'><strong>non</strong></span> <span class='ocrx_word' id='word_1_276' title='bbox 585 2178 725 2228; x_wconf 82' lang='lat' dir='ltr'><strong>solum,</strong></span> <span class='ocrx_word' id='word_1_277' title='bbox 759 2177 863 2230; x_wconf 86' lang='lat' dir='ltr'><strong>quod</strong></span> <span class='ocrx_word' id='word_1_278' title='bbox 893 2176 964 2215; x_wconf 86' lang='lat' dir='ltr'><strong>tibi</strong></span> <span class='ocrx_word' id='word_1_279' title='bbox 994 2175 1274 2222; x_wconf 83' lang='lat' dir='ltr'><strong>succederetur,</strong></span> 
     </span>
    </p>

    <p class='ocr_par' dir='ltr' id='par_1_5' title="bbox 925 2231 1000 2268">
     <span class='ocr_line' id='line_1_40' title="bbox 925 2231 1000 2268; baseline 0 0"><span class='ocrx_word' id='word_1_280' title='bbox 925 2242 953 2268; x_wconf 84' lang='lat' dir='ltr'>G</span> <span class='ocrx_word' id='word_1_281' title='bbox 975 2231 1000 2268; x_wconf 91' lang='lat'><strong>3</strong></span> 
     </span>
    </p>
   </div>
  </div>
 </body>
</html>
