1509 2397
382 85 447 123 IN
478 83 753 123 PISONEM.
785 85 892 123 CAP.
923 85 988 122 23.
1189 84 1234 122 51

123 191 252 240 minis,
270 201 458 244 exspecto.
487 191 637 239 Tuum,
658 191 688 230 si
707 192 844 243 placet,
866 191 1031 229 reditum
1046 203 1134 229 cum
1153 203 1241 229 meo

124 246 372 287 conferamus.
400 245 464 284 Ac
477 258 588 283 meus
603 245 781 296 quidem
770 258 802 283 15
815 245 904 292 fuit,
925 252 969 282 ut
987 258 1011 282 a
1027 244 1238 282 Brundisio

123 312 247 351 usque
264 300 432 338 Romam
452 312 589 350 agmen
608 308 837 350 perpetuum
856 299 972 337 totius
993 298 1117 336 Italiae
1136 298 1241 336 vide-

123 365 225 390 rem:
246 365 371 405 neque
390 353 493 391 enim
511 353 614 404 regio
632 352 706 390 fuit
718 353 812 401 ulla,
829 365 953 404 neque
966 352 1239 402 municipium,

122 418 247 458 neque
264 407 502 458 praefectura,
519 415 585 444 aut
600 406 758 452 00101113,
780 420 826 444 ex
839 420 917 457 qua
928 419 1006 444 non
1026 406 1179 457 publice
1191 406 1240 444 ad

122 471 186 498 me
197 460 367 498 venerint
376 461 623 512 gratulatum.
654 436 763 508 Quid
777 460 901 499 dicam
914 460 988 497 adv
990 469 1098 497 entus
1110 459 1238 497 meos?

123 513 218 565 quid
236 514 435 552 effusiones
458 514 660 552 hominum
685 528 732 552 ex
761 514 933 565 oppidis.
924 516 940 541 9
971 513 1065 566 quid
1084 526 1240 552 concur-

122 580 207 605 sum
228 581 275 606 ex
293 568 393 619 agiis
411 576 598 629 patrum·
584 568 748 606 familias
767 581 855 606 cum
887 568 1114 619 conjugibus
1132 581 1175 606 ac
1192 567 1241 604 11-

120 621 245 660 beris.
237 624 254 649 9
283 622 377 673 quid
404 635 466 660 eos
484 622 578 669 dies,
606 622 687 673 qui,
719 623 829 674 quasi
849 621 1024 660 Deorum
1042 622 1241 658 immorta-

119 674 220 713 lium
236 675 325 713 festi
342 683 458 727 atque
477 677 677 724 sollennes,
698 684 788 714 sunt
806 675 973 714 adventu
990 688 1076 713 meo
1095 675 1241 713 reditu-

121 741 196 781 que
214 730 422 768 celebrati?

175 782 290 821 Unus
314 784 380 822 isse
397 783 477 822 dies
494 784 592 822 mihi
612 783 769 835 quidem
797 782 1095 822 immortalitatis
1122 782 1243 820 instar

120 835 210 883 fuit,
231 850 308 888 quo
326 837 366 874 in
391 837 554 889 patriam
584 838 694 884 redii,
724 850 812 876 cum
842 846 1017 875 senatum
1047 849 1241 887 egressum

123 890 215 936 vidi,
235 891 503 942 populumque
520 893 746 931 Romanum
765 891 1002 952 universum,
1035 904 1122 929 cum
1142 889 1244 928 mihi

122 943 206 995 ipsa
222 944 365 992 Roma,
380 958 499 996 prope
517 946 698 984 convulsa
713 945 865 982 sedibus
884 945 976 991 suis,
993 944 1042 982 ad
1054 944 1243 994 complec-

121 997 281 1036 tendum
293 1006 592 1038 conservatorem
605 1011 719 1037 suum
737 999 937 1050 procedere
948 999 1029 1037 visa
1043 1007 1111 1036 est.
1142 998 1243 1045 Quae

121 1063 186 1090 me
201 1051 257 1089 ita
274 1052 430 1104 accepit,
451 1061 496 1091 ut
514 1066 592 1091 non
610 1053 725 1090 modo
744 1053 918 1090 omnium
934 1065 1133 1103 generum,
1151 1058 1245 1089 aeta-

120 1112 221 1152 tum,
233 1105 427 1154 ordinum,
440 1119 572 1146 omnes
587 1107 658 1145 viri
671 1120 714 1145 30
727 1106 920 1154 mulieres,
936 1106 1062 1144 omnis
1076 1106 1240 1143 fortunae

120 1171 165 1197 ac
180 1159 268 1207 1001,
288 1160 354 1197 sed
372 1160 486 1199 etiam
506 1161 646 1199 moenia
655 1160 739 1212 ipsa
751 1160 983 1207 viderentur,
1000 1167 1037 1198 et
1051 1167 1149 1198 tecta
1163 1159 1240 1197 Ur-

120 1212 179 1251 bis
198 1226 241 1251 ac
259 1214 416 1265 templa,
437 1215 568 1253 laetari.
610 1214 681 1253 Me
700 1214 1016 1265 consequentibus
1041 1213 1174 1251 diebus
1199 1212 1240 1250 in

121 1267 167 1305 ea
184 1266 268 1318 ipsa
286 1267 414 1314 domo,
435 1282 513 1319 qua.
531 1276 574 1306 tu
588 1281 652 1307 me
672 1269 886 1319 expuleras,
901 1281 1020 1319 quam
1034 1267 1239 1318 expilaras,

122 1333 241 1371 quam
271 1320 503 1369 incenderas‚
536 1322 748 1374 pontifices,
780 1322 965 1369 eonsules,
995 1328 1124 1372 patres
1153 1332 1246 1359 con-

122 1373 266 1434 scripti,
286 1375 590 1421 collocaverunt;
620 1375 794 1426 mihique
813 1375 949 1426 (quod,
970 1383 1058 1412 ante
1076 1387 1154 1421 me,
1175 1386 1241 1412 ne-

122 1427 236 1475 mini)
254 1429 418 1479 pecunia
435 1429 591 1480 publiea
610 1428 872 1467 aedificandam
898 1428 1058 1466 domum
1084 1440 1241 1466 censue-

120 1488 224 1519 runt·

177 1534 312 1573 Habes
322 1535 488 1574 reditum
502 1549 646 1574 meum.
668 1535 810 1574 Confer
820 1548 924 1573 nunc
934 1535 1099 1574 vicissim
1113 1543 1241 1582 tuum,

121 1589 448 1641 quandoquidem,
469 1591 608 1628 amisso
635 1590 817 1636 exercitu,
849 1589 944 1627 nihi]
964 1590 1156 1628 incolume
1174 1588 1244 1627 (10-

119 1654 245 1690 mum,
278 1650 416 1694 praeter
447 1657 488 1683 os
517 1643 615 1681 illud
644 1644 852 1704 pristinum
882 1651 1012 1691 tuum,
1049 1643 1211 1681 retulisti
1226 1657 1239 1680 ε

121 1696 204 1748 qui,
222 1697 410 1758 primum,
441 1712 519 1750 qua
538 1698 682 1736 veneris
702 1710 792 1735 cum
810 1697 990 1735 laureatis
1009 1697 1085 1735 tuis
1102 1696 1248 1735 lictori-

119 1750 207 1796 bus,
227 1751 314 1802 quis
332 1751 426 1790 scit.
416 1754 434 1779 9
461 1765 556 1804 quos
582 1759 667 1789 tum
681 1751 908 1796 maeandros,
925 1751 1021 1788 dum
1035 1763 1166 1789 omnes
1181 1763 1242 1789 so-

118 1802 300 1842 litudines
323 1805 571 1857 persequeris,
603 1818 690 1856 quae
715 1805 778 1843 div
781 1804 937 1842 erticula
966 1804 1240 1865 flexionesque,

121 1858 316 1909 quaesisti.
306 1860 324 1885 9
364 1859 483 1919 Quod
501 1867 538 1897 te
556 1858 814 1909 municipium
833 1858 954 1896 vidit.
945 1867 960 1886 9
989 1858 1076 1909 quis
1096 1858 1244 1896 amicus

124 1910 328 1950 invitavit?
357 1913 445 1964 quis
473 1913 608 1964 hospes
636 1912 812 1963 adspexit
829 1914 846 1950 ?
888 1912 1030 1950 Nonne
1059 1912 1129 1949 tibi
1158 1923 1244 1950 nox

128 1971 208 2002 erat
224 1977 294 2016 pro
312 1965 397 2004 die.
387 1968 404 1993 9
433 1979 511 2004 11011
529 1966 693 2005 solitudo
711 1979 781 2017 pro
799 1965 1013 2016 frequentia
1027 1967 1045 2003 ?
1072 1977 1245 2016 caupona

123 2030 194 2068 pro
212 2019 384 2070 oppido?
413 2032 490 2059 non
509 2028 553 2059 ut
566 2020 688 2058 redire
707 2033 753 2058 ex
774 2019 1006 2057 Macedonia
1016 2018 1178 2057 nobssjs
1167 2031 1243 2056 1111-

124 2078 290 2121 perator,
309 2073 375 2111 sed
396 2081 441 2112 ut
469 2082 644 2113 mortuus
670 2073 826 2112 infamis
855 2072 999 2121 referri,
1019 2072 1236 2112 videretur.
1225 2074 1245 2100 9

127 2124 297 2164 Romam
314 2140 404 2166 vero
420 2127 544 2180 ipsam
563 2128 718 2167 foedavit
736 2127 922 2166 adventus
939 2134 1041 2165 tuus.

179 2176 349 2219 XXIII.
377 2180 417 2222 Ο
447 2181 620 2233 familiae,
648 2194 727 2220 non
756 2181 883 2220 dicam
916 2180 1151 2233 Calpurniae,
1181 2178 1248 2218 sed
