1509 2397
389 62 453 100 IN
484 60 758 101 PISONEM.
790 61 895 99 CAP.
923 60 982 97 15.
1188 60 1242 97 43

126 178 354 218 monstrum,
374 183 489 208 ausus
514 182 553 208 es
569 182 704 208 meum
723 169 930 207 discessum
955 167 1082 215 inum,
1109 174 1247 204 testem

127 225 274 264 sceleris
300 232 337 262 et
355 224 587 262 crudelitatis
611 231 704 272 tuae,
726 222 920 261 maledicti
945 228 982 259 et
1007 221 1249 259 contumeliae

125 280 207 317 loco
225 280 396 329 ponere?
427 278 518 325 Quo
537 277 694 329 quidem
712 286 882 328 tempore
901 275 996 327 cepi,
1017 282 1141 325 patres
1161 287 1251 312 con-

128 332 270 383 scripti,
298 332 468 369 fructum
495 332 753 369 immortalem
781 331 897 369 vestri
915 330 955 366 in
974 342 1037 366 me
1057 336 1094 366 et
1112 328 1252 366 amoris

129 394 167 424 et
192 386 350 435 judicii3
384 386 466 437 qui,
498 398 574 423 non
608 384 974 430 admurmuratione,
1006 382 1072 420 sed
1096 395 1185 420 voce
1216 390 1253 420 et

129 440 306 487 clamore,
323 440 460 489 abjecti
477 439 643 477 hominis
655 447 692 477 et
707 438 879 477 semivivi
897 437 1064 475 furorem
1076 436 1253 487 petulan-

129 494 302 545 tiamque
316 493 490 544 fregistis.
520 493 587 530 Tu
605 494 754 531 luctum
775 494 939 539 senatus,
959 499 1002 528 tu
1022 489 1254 528 desiderium

130 547 314 600 equestris
331 547 488 594 ordinis,
508 554 552 585 tu
572 548 787 598 squalorem
808 546 946 593 Italiae,
967 554 1009 582 tu
1031 545 1144 582 curiae
1163 543 1255 582 taci-

129 602 352 640 turnitatem
368 613 553 640 annuam-
573 608 616 638 tu
631 601 825 639 silentium
844 607 1074 651 perpetuum
1091 597 1256 648 judicio-

131 669 221 694 rum
239 669 282 694 ac
299 655 386 701 fori,
406 664 449 693 tu
473 663 607 694 caetera
638 656 706 693 illa
729 655 770 692 in
797 653 990 692 maledicti
1014 653 1096 690 loco
1119 664 1252 703 pones,

132 723 220 761 quae
238 723 347 748 meus
365 709 547 747 discessus
565 709 783 760 reipublicae
797 709 956 746 vulnera
973 707 1115 744 inflixit
1126 706 1144 742 ’ἓ
1173 705 1257 753 Qui

133 763 167 802 si
186 763 535 802 calamitosissimus
552 763 710 810 fuisset;
740 771 870 800 tamen
892 759 1148 799 misericordia
1173 760 1258 810 dig-

134 817 219 855 nior
256 830 375 869 quam
404 817 650 865 contumelia,
682 824 719 855 et
743 822 831 854 c'um
862 815 984 867 gloria
1014 815 1141 865 potius
1179 827 1260 852 esse

133 872 372 921 conjunctus,
410 885 530 923 quam
560 884 650 910 cum
685 872 840 923 probro,
877 877 1102 921 putaretu13
1144 875 1261 919 atque

134 925 201 963 ille
222 925 329 964 dolor
346 939 456 964 meus
475 925 677 973 duntaxat,
707 932 875 963 vestrum
901 923 1057 975 quidem
1077 924 1197 961 scelus
1216 935 1262 961 ac

135 979 312 1025 dedecus,
345 980 560 1017 haberetur.
602 980 706 1018 Cum
738 991 826 1016 vero
855 977 1029 1021 (forsitan
1048 977 1134 1025 hoc,
1156 976 1261 1028 quod

136 1033 308 1072 dicturus
340 1046 442 1082 sum,
474 1034 650 1071 mirabile
687 1033 821 1071 auditu
859 1045 938 1070 esse
966 1031 1164 1076 videatur;
1195 1030 1261 1069 sed

138 1094 237 1126 certe
255 1087 296 1125 id
306 1087 446 1136 dicam,
459 1087 564 1138 quod
577 1087 715 1133 sentio)
729 1099 817 1125 cum
837 1086 952 1124 tantis
966 1099 989 1123 a
1003 1086 1123 1133 vobis,
1136 1093 1264 1136 patres

139 1141 354 1193 conscripti,
388 1141 580 1180 beneficiis
603 1141 759 1180 affectus
788 1140 875 1188 sim,
897 1139 1012 1178 tantis
1037 1139 1260 1185 honoribus,

141 1207 219 1233 non
237 1196 353 1233 modo
372 1196 480 1233 illam
505 1195 761 1233 calamitatem
781 1207 859 1232 esse
878 1206 954 1232 non
975 1193 1072 1231 duco
1089 1207 1100 1238 ς
1132 1193 1210 1239 sed,
1231 1193 1264 1230 si

140 1249 236 1300 quid
257 1249 355 1287 mihi
372 1256 497 1300 potest
524 1262 547 1286 a
564 1247 763 1300 republica
794 1261 873 1286 esse
903 1248 1117 1296 sejunctum
1143 1246 1264 1297 (quod

142 1302 208 1340 vix
230 1310 396 1354 potest);
426 1303 620 1354 privatim,
642 1303 691 1340 ad
708 1315 841 1340 meum
867 1313 1007 1338 nomen
1027 1300 1264 1351 augendum,

142 1356 351 1407 optandam
383 1355 482 1395 duco
513 1356 611 1394 mihi
641 1356 758 1394 fuisse
789 1355 898 1393 illam
935 1353 1266 1407 expetendamque

139 1409 347 1448 fortunam.

195 1464 345 1516 Atque,
365 1472 410 1502 ut
427 1473 541 1502 tuum
565 1464 804 1502 laetissimum
825 1463 928 1502 diem
947 1475 1036 1502 cum
1051 1462 1268 1501 tristissimo

142 1530 230 1556 meo
249 1518 455 1566 conferam,
475 1527 607 1556 utrum
633 1518 789 1556 tandem
813 1519 914 1556 bono
939 1518 1019 1555 viro
1044 1525 1081 1556 et
1107 1516 1268 1568 sapienti

142 1572 350 1624 optabilius
362 1580 490 1624 putas,
511 1573 563 1611 sic
582 1573 686 1611 exire
703 1586 726 1610 a
740 1571 876 1623 patria,
891 1579 936 1610 ut
947 1584 1078 1610 omnes
1093 1571 1153 1609 sui
1167 1571 1269 1609 cives

145 1625 323 1674 salutem,
360 1627 679 1675 incolumitatem,
710 1626 891 1673 reditum,
918 1635 1132 1677 precentur,
1164 1625 1269 1676 quod

144 1680 243 1717 mihi
260 1680 420 1727 accidit3
451 1694 515 1729 an,
545 1681 650 1732 quod
674 1680 746 1718 tibi
776 1679 1029 1731 proficiscenti
1056 1679 1194 1727 evenit,
1225 1687 1268 1717 ut

145 1746 279 1772 omnes
311 1742 609 1781 exsecrarentur,
635 1735 736 1772 male
762 1742 1020 1785 precarentur,
1049 1746 1169 1771 unam
1199 1733 1270 1771 tibi

144 1788 254 1826 illam
273 1788 375 1826 viam
390 1798 427 1827 et
437 1796 661 1841 perpetuam
681 1801 761 1826 esse
779 1789 945 1826 vellent?
967 1788 1087 1835 Mihi,
1102 1787 1271 1829 (medius

147 1841 279 1889 fidius)
298 1842 336 1879 in
357 1850 464 1881 tanto
482 1843 658 1881 omnium
676 1841 898 1880 mortalium
916 1842 1018 1889 odio,
1042 1843 1146 1891 justo
1169 1854 1270 1892 prae-

149 1895 279 1933 sertim
298 1903 336 1934 et
348 1896 489 1944 debito,
510 1897 656 1949 quaevis
672 1896 767 1947 fuga
782 1896 924 1947 potius,
944 1909 1064 1947 quam
1081 1895 1164 1933 ulla
1180 1908 1270 1947 pro-

147 1949 285 1996 vincia,
305 1958 401 1988 esset
418 1951 592 2002 optatior.

203 2002 298 2042 XV.
327 2005 403 2043 Sed
421 2017 536 2056 perge
560 2018 697 2056 porro:
727 2018 834 2053 nam,
855 2004 887 2044 si
904 2004 1004 2042 illud
1029 2016 1163 2041 meum
1187 2010 1269 2041 tur-

148 2056 460 2096 bulentissimum
467 2059 868 2110 tempusprofectionis
879 2069 946 2097 tuo
957 2057 1274 2109 tranquillissimo

150 2118 319 2160 praestat,
338 2111 433 2162 quid
457 2113 650 2151 conferam
667 2114 829 2165 reliqua,
853 2126 941 2164 quae
957 2112 999 2149 in
1018 2119 1056 2149 te
1080 2110 1272 2149 dedecoris

150 2163 265 2214 plena
272 2164 450 2232 fuerunt,
471 2166 511 2204 in
530 2179 594 2206 me
605 2167 802 2218 dignitatis
813 2167 831 2203 ’ἓ
860 2167 932 2206 Me
951 2165 1131 2206 Calendis
1142 2165 1169 2203 J
1173 2176 1274 2203 anu-
