1509 2397
356 88 699 130 PHILIPPICA
728 89 786 129 II.
818 87 923 128 CAP'.
955 89 1020 127 44.
1155 87 1251 134 >237

255 150 263 171 δ

180 198 346 240 XLIII.
374 198 430 237 Et
447 205 491 237 tu
508 198 550 236 in
576 198 735 237 Caesaris
763 197 950 237 memoria
974 198 1136 250 diligens
1156 191 1186 237 ,9
1204 205 1249 235 tu

126 255 239 294 illum
257 266 363 292 amas
381 260 580 291 mortuum
594 256 612 292 .9
641 253 773 301 Quem
803 253 835 291 is
857 253 1043 302 majorem
1062 253 1248 291 honorem

127 314 351 347 consecutus
381 315 474 355 erat,
506 320 626 359 quam
653 315 699 345 ut
726 307 882 345 haberet
906 307 1098 358 pulvinar,
1130 307 1250 345 simu-

125 364 288 411 lacrum,
315 362 527 413 fastigium,
553 361 749 400 flaminem
765 364 783 400 ‚⁹
813 361 886 399 Est
913 374 1002 412 ergo
1027 361 1182 408 flamen,
1203 367 1249 398 ut

124 417 232 465 Jovi,
253 424 298 454 ut
317 416 453 464 Marti,
474 423 519 453 ut
538 416 718 464 Quirino,
750 415 802 454 sic
822 415 926 453 Divo
945 416 971 453 J
977 415 1056 452 ulio
1077 416 1138 453 M.
1159 417 1250 452 An-

125 472 286 510 tonius?
317 470 425 518 Quid
448 470 568 522 igitur
601 473 753 508 cessas?
784 483 851 508 cur
881 482 958 507 non
986 469 1248 520 inaugurare?

124 539 233 564 sume
245 525 346 564 diem
362 539 372 562 z
401 525 500 572 vide,
522 524 589 575 qui
604 532 641 562 te
652 525 867 576 inauguret.
897 523 1069 575 Collegae
1084 536 1217 561 sumus
1234 537 1246 567 ς

124 593 238 619 nemo
257 579 423 630 negabit.
455 579 493 617 O
514 579 776 617 detestabilem
805 578 1017 626 hominem,
1039 577 1116 616 sive
1145 577 1249 628 quod

123 634 277 686 tyranni
297 633 467 672 sacerdos
487 647 539 680 es,
556 633 635 671 sive
654 633 758 684 quod
778 633 920 670 mortui
938 633 947 670 !
978 632 1125 680 Quaero
1144 631 1253 669 dein-

122 702 225 740 ceps,
246 701 358 736 num,
390 688 598 726 hodiernus
617 687 696 725 dies
722 687 791 738 qui
813 687 875 735 sit,
904 686 1084 738 ignores?
1113 685 1248 733 nescis,

126 742 208 781 heri
227 752 410 795 quartum
436 742 477 779 in
500 742 613 780 Circo
636 741 739 779 diem
769 741 952 779 ludorum
981 741 1251 778 Romanorum

120 797 236 836 fuisse
252 800 269 836 ,9
298 805 336 836 te
354 797 482 848 ipsum
502 804 632 834 autem
645 796 694 833 ad
704 795 895 847 populum
915 795 1060 842 tulisse,
1082 802 1126 832 ut
1138 794 1253 845 quin-

121 859 183 890 tus
201 859 384 904 praeterea
414 851 493 888 dies
517 850 660 889 Caesari
686 849 944 888 tribueretur?
975 849 1056 888 Cur
1082 861 1159 886 non
1188 862 1254 886 su-

119 918 208 945 mus
227 905 473 958 praetextati?
503 918 570 944 cur
595 904 794 951 honorem,
822 903 964 942 Caesari
984 904 1053 941 tua
1081 904 1164 954 lege
1184 902 1253 940 da-

120 967 221 1010 tum,
247 959 369 999 deseri
399 959 604 1011 patimur?
633 959 703 996 An
734 958 1047 1010 supplicationes,
1075 957 1251 995 addendo

120 1013 238 1063 diem,
271 1013 522 1053 contaminari
549 1026 683 1065 passus
716 1026 783 1059 es3
813 1012 1031 1064 pulvinaria
1060 1011 1249 1050 noluisti?

120 1070 208 1108 Aut
225 1069 397 1122 undique
415 1068 639 1120 religionem
656 1067 762 1117 tolle,
779 1076 846 1105 aut
864 1079 1142 1119 usquequaque
1158 1078 1252 1104 con-

121 1135 241 1162 serva.

175 1178 349 1227 Quaeres,
369 1177 566 1230 placeatne
584 1176 682 1215 mihi
712 1176 893 1228 pulvinar
911 1189 1004 1223 esse,
1033 1175 1248 1227 fastigium,

121 1232 330 1271 flaminem.
361 1233 467 1271 Mihi
492 1245 581 1270 vero
610 1231 709 1269 nihil
734 1231 896 1269 istorum
919 1231 1056 1282 placet.
1087 1229 1163 1268 Sed
1193 1237 1250 1276 tu,

121 1287 189 1339 qui
208 1294 291 1325 acta
310 1287 470 1326 Caesaris
488 1286 674 1334 defendis,
696 1285 790 1337 quid
804 1292 911 1336 potes
928 1285 1067 1332 dicere,
1089 1297 1157 1322 cur
1175 1283 1253 1321 alia

121 1341 318 1389 defendas,
334 1342 410 1380 alia
428 1353 506 1379 non
525 1353 632 1378 cures
647 1342 664 1378 ?
694 1340 768 1377 nisi
786 1339 883 1377 forte
902 1339 958 1377 vis
977 1338 1102 1384 fateri,
1118 1346 1156 1375 te
1168 1350 1255 1375 om-

121 1395 187 1433 nia
206 1403 355 1448 quaestu
376 1404 457 1443 tuo,
474 1406 552 1433 non
566 1394 671 1432 illius
691 1393 890 1445 dignitate,
903 1393 1042 1431 metiri.
1073 1391 1184 1439 Quid
1204 1390 1254 1429 ad

120 1449 204 1488 haec
218 1450 374 1489 tandem
392 1453 409 1489 ,9
433 1455 609 1500 exspecto
629 1448 733 1486 enim
753 1447 1010 1499 eloquentiam
1026 1454 1148 1485 tuam.
1180 1445 1255 1483 Di-

121 1504 375 1543 senissimum
387 1503 547 1555 cognovi
559 1516 677 1541 avum
689 1510 802 1540 tuum
817 1516 827 1539 ι
855 1510 894 1540 at
909 1509 946 1539 te
959 1501 1073 1539 etiam
1087 1500 1256 1551 apertio-

121 1571 204 1597 rem
219 1559 260 1596 in
271 1559 442 1597 dicendo.
464 1559 539 1596 Ille
551 1569 754 1609 nunquam
768 1556 895 1594 nudus
911 1563 967 1593 est
979 1555 1223 1594 concionatus
1241 1568 1252 1592 ;

121 1620 235 1651 tuum
265 1613 435 1652 hominis
478 1611 662 1663 simplicis
692 1618 825 1662 pectus
855 1610 1034 1649 vidimus.
1076 1610 1257 1660 Respon-

121 1666 278 1706 debisne
296 1667 347 1706 ad
364 1667 447 1706 haec
461 1669 479 1705 Ρ
510 1674 578 1704 aut
608 1667 767 1704 omnino
791 1665 935 1703 hiscere
954 1663 1112 1702 audebis
1129 1666 1146 1702 ἓ
1176 1662 1258 1700 Ec-

122 1722 219 1774 quid
247 1721 424 1774 reperies,
458 1734 507 1759 ex
536 1728 618 1759 tam
649 1719 767 1771 longa
796 1719 965 1758 oratione
993 1718 1095 1766 mea,
1125 1717 1189 1755 cui
1219 1724 1257 1755 te

122 1777 351 1828 respondere
378 1789 488 1828 posse
517 1774 720 1814 confidas?
762 1773 842 1813 Sed
874 1773 1069 1826 praeterita
1098 1771 1259 1810 omitta-

124 1843 226 1869 mus.

177 1885 338 1925 XLIV.
369 1885 491 1924 Hunc
508 1897 634 1922 unum
654 1883 772 1932 diem,
793 1883 897 1921 hunc
912 1895 1052 1930 unum,
1076 1881 1255 1932 inquam,

120 1939 354 1978 hodiernum
376 1940 493 1987 diem,
509 1939 582 1978 hoc
599 1946 791 1990 punctum
803 1937 1000 1988 temporis,
1015 1949 1092 1988 quo
1104 1936 1255 1986 loquor,

126 1993 301 2043 defende,
318 1994 349 2032 si
361 2004 480 2045 potes.
511 1993 592 2032 Cur
604 2000 840 2031 armatorum
854 1991 991 2030 corona
1005 1997 1158 2028 senatus
1173 2001 1258 2039 sep-

128 2054 191 2086 tus
210 2055 266 2086 est
281 2050 299 2087 ?
329 2061 396 2087 cur
421 2061 485 2086 me
504 2047 563 2085 tui
587 2047 768 2085 satellites
788 2059 878 2084 cum
904 2045 1041 2096 gladiis
1059 2043 1223 2082 audiunt
1238 2044 1256 2081 ?

129 2113 198 2139 cur
218 2103 338 2141 valvae
358 2102 583 2141 Concordiae
601 2114 679 2140 non
698 2102 863 2153 patent?
894 2113 961 2138 cur
979 2098 1155 2137 homines
1174 2109 1259 2135 cm-

130 2154 242 2193 nium
260 2157 434 2207 gentium
451 2156 624 2194 maxime
646 2157 843 2201 barbarOS,
859 2154 1060 2205 Ithyraeos,
1080 2164 1170 2190 cum
1197 2164 1260 2189 sa-

125 2209 234 2262 -gittis
249 2211 406 2251 deducis
418 2211 460 2250 in
478 2210 638 2250 forum?
668 2209 845 2249 Praesidii
863 2208 923 2248 sui
941 2207 1057 2247 causa
1075 2220 1114 2246 se
1132 2206 1255 2245 facere
