<?xml version="1.0" encoding="UTF-8"?>
<!DOCTYPE html PUBLIC "-//W3C//DTD XHTML 1.0 Transitional//EN"
    "http://www.w3.org/TR/xhtml1/DTD/xhtml1-transitional.dtd">
<html xmlns="http://www.w3.org/1999/xhtml" xml:lang="en" lang="en">
 <head>
  <title>
</title>
<meta http-equiv="Content-Type" content="text/html;charset=utf-8" />
  <meta name='ocr-system' content='tesseract 3.04.00' />
  <meta name='ocr-capabilities' content='ocr_page ocr_carea ocr_par ocr_line ocrx_word'/>
</head>
<body>
  <div class='ocr_page' id='page_1' title='image "./operaern08ciceuoft_0085.png"; bbox 0 0 1509 2397; ppageno 0'>
   <div class='ocr_carea' id='block_1_1' title="bbox 0 1067 41 2279">
    <p class='ocr_par' dir='ltr' id='par_1_1' title="bbox 0 1067 41 2279">
     <span class='ocr_line' id='line_1_1' title="bbox 0 1067 41 2279; baseline 0 0"><span class='ocrx_word' id='word_1_1' title='bbox 0 1067 41 2279; x_wconf 95' lang='lat' dir='ltr'><strong> </strong></span> 
     </span>
    </p>
   </div>
   <div class='ocr_carea' id='block_1_2' title="bbox 435 438 953 481">
    <p class='ocr_par' dir='ltr' id='par_1_2' title="bbox 435 438 953 481">
     <span class='ocr_line' id='line_1_2' title="bbox 435 438 953 481; baseline -0.004 -2"><span class='ocrx_word' id='word_1_2' title='bbox 435 438 668 481; x_wconf 86' lang='lat' dir='ltr'><strong>ORATIO</strong></span> <span class='ocrx_word' id='word_1_3' title='bbox 697 439 953 480; x_wconf 90' lang='lat' dir='ltr'>XXXVIII.</span> 
     </span>
    </p>
   </div>
   <div class='ocr_carea' id='block_1_3' title="bbox 295 673 1095 724">
    <p class='ocr_par' dir='ltr' id='par_1_3' title="bbox 295 673 1095 724">
     <span class='ocr_line' id='line_1_3' title="bbox 295 673 1095 724; baseline -0.003 -1"><span class='ocrx_word' id='word_1_4' title='bbox 295 675 426 723; x_wconf 88' lang='lat' dir='ltr'><strong>PRO</strong></span> <span class='ocrx_word' id='word_1_5' title='bbox 462 676 521 724; x_wconf 90' lang='lat' dir='ltr'><strong>T.</strong></span> <span class='ocrx_word' id='word_1_6' title='bbox 561 674 780 723; x_wconf 90' lang='lat' dir='ltr'>ANNIO</span> <span class='ocrx_word' id='word_1_7' title='bbox 816 673 1095 723; x_wconf 90' lang='lat' dir='ltr'>MILONE.</span> 
     </span>
    </p>
   </div>
   <div class='ocr_carea' id='block_1_4' title="bbox 621 835 771 869">
    <p class='ocr_par' dir='ltr' id='par_1_4' title="bbox 621 835 771 869">
     <span class='ocr_line' id='line_1_4' title="bbox 621 835 771 869; baseline 0.013 -2"><span class='ocrx_word' id='word_1_8' title='bbox 621 835 771 869; x_wconf 46' lang='grc' dir='ltr'><strong>-ψ-</strong></span> 
     </span>
    </p>
   </div>
   <div class='ocr_carea' id='block_1_5' title="bbox 187 968 1195 1011">
    <p class='ocr_par' dir='ltr' id='par_1_5' title="bbox 187 968 1195 1011">
     <span class='ocr_line' id='line_1_5' title="bbox 187 968 1195 1011; baseline -0.003 0"><span class='ocrx_word' id='word_1_9' title='bbox 187 969 431 1011; x_wconf 89' lang='lat' dir='ltr'>ASCONII</span> <span class='ocrx_word' id='word_1_10' title='bbox 464 969 718 1010; x_wconf 87' lang='lat' dir='ltr'>PEDIANI</span> <span class='ocrx_word' id='word_1_11' title='bbox 743 968 1195 1010; x_wconf 84' lang='lat' dir='ltr'><strong>ARGUMENTUM.</strong></span> 
     </span>
    </p>
   </div>
   <div class='ocr_carea' id='block_1_6' title="bbox 136 1077 1283 2268">
    <p class='ocr_par' dir='ltr' id='par_1_6' title="bbox 136 1077 1266 1281">
     <span class='ocr_line' id='line_1_6' title="bbox 136 1077 1265 1130; baseline -0.002 -12"><span class='ocrx_word' id='word_1_12' title='bbox 136 1078 330 1118; x_wconf 63' lang='lat' dir='ltr'><strong>Amans</strong></span> <span class='ocrx_word' id='word_1_13' title='bbox 351 1078 467 1127; x_wconf 87' lang='lat' dir='ltr'><strong>Milo,</strong></span> <span class='ocrx_word' id='word_1_14' title='bbox 484 1086 522 1118; x_wconf 88' lang='lat' dir='ltr'><strong>et</strong></span> <span class='ocrx_word' id='word_1_15' title='bbox 539 1079 586 1118; x_wconf 91' lang='lat' dir='ltr'><strong>P.</strong></span> <span class='ocrx_word' id='word_1_16' title='bbox 608 1077 787 1117; x_wconf 87' lang='lat' dir='ltr'><strong>Plautius</strong></span> <span class='ocrx_word' id='word_1_17' title='bbox 807 1078 1017 1130; x_wconf 86' lang='lat' dir='ltr'><strong>Hypsaeus,</strong></span> <span class='ocrx_word' id='word_1_18' title='bbox 1045 1085 1082 1117; x_wconf 86' lang='lat' dir='ltr'><strong>et</strong></span> <span class='ocrx_word' id='word_1_19' title='bbox 1101 1077 1153 1126; x_wconf 89' lang='lat' dir='ltr'><strong>Q.</strong></span> <span class='ocrx_word' id='word_1_20' title='bbox 1175 1077 1265 1116; x_wconf 87' lang='lat' dir='ltr'><strong>Me-</strong></span> 
     </span>
     <span class='ocr_line' id='line_1_7' title="bbox 136 1132 1265 1186; baseline -0.002 -14"><span class='ocrx_word' id='word_1_21' title='bbox 136 1134 252 1172; x_wconf 88' lang='lat' dir='ltr'><strong>tellus</strong></span> <span class='ocrx_word' id='word_1_22' title='bbox 271 1133 414 1186; x_wconf 78' lang='lat' dir='ltr'>Scipio,</span> <span class='ocrx_word' id='word_1_23' title='bbox 434 1134 678 1172; x_wconf 87' lang='lat' dir='ltr'><strong>consulatum</strong></span> <span class='ocrx_word' id='word_1_24' title='bbox 697 1132 903 1184; x_wconf 79' lang='lat' dir='ltr'><strong>petierunt,</strong></span> <span class='ocrx_word' id='word_1_25' title='bbox 932 1145 1010 1171; x_wconf 91' lang='lat' dir='ltr'><strong>non</strong></span> <span class='ocrx_word' id='word_1_26' title='bbox 1033 1133 1161 1171; x_wconf 87' lang='lat' dir='ltr'><strong>solum</strong></span> <span class='ocrx_word' id='word_1_27' title='bbox 1190 1133 1265 1170; x_wconf 86' lang='lat' dir='ltr'><strong>lar-</strong></span> 
     </span>
     <span class='ocr_line' id='line_1_8' title="bbox 137 1186 1266 1240; baseline -0.001 -14"><span class='ocrx_word' id='word_1_28' title='bbox 137 1188 279 1240; x_wconf 87' lang='lat' dir='ltr'><strong>gitione</strong></span> <span class='ocrx_word' id='word_1_29' title='bbox 297 1189 429 1239; x_wconf 84' lang='lat' dir='ltr'><strong>palam</strong></span> <span class='ocrx_word' id='word_1_30' title='bbox 447 1186 618 1240; x_wconf 48' lang='lat' dir='ltr'><strong>profusit,</strong></span> <span class='ocrx_word' id='word_1_31' title='bbox 638 1187 704 1226; x_wconf 89' lang='lat' dir='ltr'><strong>sed</strong></span> <span class='ocrx_word' id='word_1_32' title='bbox 719 1187 835 1226; x_wconf 83' lang='lat' dir='ltr'><strong>etiam</strong></span> <span class='ocrx_word' id='word_1_33' title='bbox 853 1187 1082 1226; x_wconf 80' lang='lat' dir='ltr'>factionibus</span> <span class='ocrx_word' id='word_1_34' title='bbox 1101 1195 1266 1225; x_wconf 86' lang='lat' dir='ltr'><strong>armato-</strong></span> 
     </span>
     <span class='ocr_line' id='line_1_9' title="bbox 137 1242 438 1281; baseline -0.003 -1"><span class='ocrx_word' id='word_1_35' title='bbox 137 1255 227 1280; x_wconf 88' lang='lat' dir='ltr'><strong>rum</strong></span> <span class='ocrx_word' id='word_1_36' title='bbox 247 1242 438 1281; x_wconf 81' lang='lat' dir='ltr'><strong>succincti.</strong></span> 
     </span>
    </p>

    <p class='ocr_par' dir='ltr' id='par_1_7' title="bbox 140 1293 1271 1726">
     <span class='ocr_line' id='line_1_10' title="bbox 193 1293 1268 1346; baseline -0.001 -13"><span class='ocrx_word' id='word_1_37' title='bbox 193 1296 338 1334; x_wconf 90' lang='lat' dir='ltr'>Miloni</span> <span class='ocrx_word' id='word_1_38' title='bbox 357 1302 394 1334; x_wconf 87' lang='lat' dir='ltr'><strong>et</strong></span> <span class='ocrx_word' id='word_1_39' title='bbox 413 1295 551 1335; x_wconf 83' lang='lat' dir='ltr'><strong>Clodio</strong></span> <span class='ocrx_word' id='word_1_40' title='bbox 564 1308 727 1334; x_wconf 88' lang='lat' dir='ltr'><strong>summae</strong></span> <span class='ocrx_word' id='word_1_41' title='bbox 746 1301 854 1334; x_wconf 88' lang='lat' dir='ltr'><strong>erant</strong></span> <span class='ocrx_word' id='word_1_42' title='bbox 871 1294 1096 1343; x_wconf 63' lang='lat' dir='ltr'><strong>inimicitiae,</strong></span> <span class='ocrx_word' id='word_1_43' title='bbox 1111 1293 1215 1346; x_wconf 87' lang='lat' dir='ltr'><strong>quod</strong></span> <span class='ocrx_word' id='word_1_44' title='bbox 1230 1302 1268 1333; x_wconf 87' lang='lat' dir='ltr'><strong>et</strong></span> 
     </span>
     <span class='ocr_line' id='line_1_11' title="bbox 140 1348 1268 1400; baseline -0.002 -12"><span class='ocrx_word' id='word_1_45' title='bbox 140 1349 244 1388; x_wconf 90' lang='lat' dir='ltr'><strong>Milo</strong></span> <span class='ocrx_word' id='word_1_46' title='bbox 256 1349 448 1388; x_wconf 83' lang='lat' dir='ltr'><strong>Ciceronis</strong></span> <span class='ocrx_word' id='word_1_47' title='bbox 467 1357 546 1388; x_wconf 85' lang='lat' dir='ltr'><strong>erat</strong></span> <span class='ocrx_word' id='word_1_48' title='bbox 564 1349 832 1397; x_wconf 84' lang='lat' dir='ltr'><strong>amicissimus,</strong></span> <span class='ocrx_word' id='word_1_49' title='bbox 852 1348 893 1387; x_wconf 91' lang='lat' dir='ltr'><strong>in</strong></span> <span class='ocrx_word' id='word_1_50' title='bbox 911 1348 1205 1400; x_wconf 85' lang='lat' dir='ltr'><strong>reducendoque</strong></span> <span class='ocrx_word' id='word_1_51' title='bbox 1224 1361 1268 1387; x_wconf 91' lang='lat' dir='ltr'><strong>eo</strong></span> 
     </span>
     <span class='ocr_line' id='line_1_12' title="bbox 140 1403 1268 1455; baseline -0.002 -13"><span class='ocrx_word' id='word_1_52' title='bbox 140 1404 252 1443; x_wconf 85' lang='lat' dir='ltr'><strong>enixe</strong></span> <span class='ocrx_word' id='word_1_53' title='bbox 271 1416 427 1455; x_wconf 87' lang='lat' dir='ltr'>operam</span> <span class='ocrx_word' id='word_1_54' title='bbox 445 1403 665 1455; x_wconf 86' lang='lat' dir='ltr'><strong>reipublicae</strong></span> <span class='ocrx_word' id='word_1_55' title='bbox 683 1403 865 1449; x_wconf 85' lang='lat' dir='ltr'><strong>dederat;</strong></span> <span class='ocrx_word' id='word_1_56' title='bbox 897 1409 933 1441; x_wconf 88' lang='lat' dir='ltr'><strong>et</strong></span> <span class='ocrx_word' id='word_1_57' title='bbox 957 1404 1003 1441; x_wconf 92' lang='lat' dir='ltr'><strong>P.</strong></span> <span class='ocrx_word' id='word_1_58' title='bbox 1032 1403 1190 1441; x_wconf 88' lang='lat' dir='ltr'><strong>Clodius</strong></span> <span class='ocrx_word' id='word_1_59' title='bbox 1208 1414 1268 1440; x_wconf 90' lang='lat' dir='ltr'><strong>re-</strong></span> 
     </span>
     <span class='ocr_line' id='line_1_13' title="bbox 140 1456 1270 1508; baseline -0.002 -12"><span class='ocrx_word' id='word_1_60' title='bbox 140 1458 273 1496; x_wconf 87' lang='lat' dir='ltr'><strong>stituto</strong></span> <span class='ocrx_word' id='word_1_61' title='bbox 299 1457 475 1496; x_wconf 89' lang='lat' dir='ltr'><strong>Ciceroni</strong></span> <span class='ocrx_word' id='word_1_62' title='bbox 498 1465 578 1496; x_wconf 90' lang='lat' dir='ltr'><strong>erat</strong></span> <span class='ocrx_word' id='word_1_63' title='bbox 601 1457 897 1503; x_wconf 68' lang='lat' dir='ltr'><strong>infesfissimusg</strong></span> <span class='ocrx_word' id='word_1_64' title='bbox 928 1456 1090 1508; x_wconf 85' lang='lat' dir='ltr'><strong>ideoque</strong></span> <span class='ocrx_word' id='word_1_65' title='bbox 1117 1469 1270 1495; x_wconf 86' lang='lat' dir='ltr'><strong>summe</strong></span> 
     </span>
     <span class='ocr_line' id='line_1_14' title="bbox 140 1511 1271 1564; baseline -0.001 -14"><span class='ocrx_word' id='word_1_66' title='bbox 140 1512 319 1551; x_wconf 85' lang='lat' dir='ltr'><strong>studebat</strong></span> <span class='ocrx_word' id='word_1_67' title='bbox 349 1511 521 1564; x_wconf 84' lang='lat' dir='ltr'><strong>Hypsaeo</strong></span> <span class='ocrx_word' id='word_1_68' title='bbox 551 1519 588 1550; x_wconf 83' lang='lat' dir='ltr'><strong>et</strong></span> <span class='ocrx_word' id='word_1_69' title='bbox 620 1511 788 1563; x_wconf 86' lang='lat' dir='ltr'><strong>Scipioni</strong></span> <span class='ocrx_word' id='word_1_70' title='bbox 813 1518 944 1550; x_wconf 89' lang='lat' dir='ltr'><strong>contra</strong></span> <span class='ocrx_word' id='word_1_71' title='bbox 962 1511 1167 1549; x_wconf 89' lang='lat' dir='ltr'><strong>Milonem.</strong></span> <span class='ocrx_word' id='word_1_72' title='bbox 1206 1511 1271 1549; x_wconf 90' lang='lat' dir='ltr'><strong>Ac</strong></span> 
     </span>
     <span class='ocr_line' id='line_1_15' title="bbox 141 1564 1271 1617; baseline -0.002 -13"><span class='ocrx_word' id='word_1_73' title='bbox 141 1579 242 1617; x_wconf 88' lang='lat' dir='ltr'><strong>saepe</strong></span> <span class='ocrx_word' id='word_1_74' title='bbox 259 1566 358 1604; x_wconf 89' lang='lat' dir='ltr'><strong>inter</strong></span> <span class='ocrx_word' id='word_1_75' title='bbox 381 1579 420 1604; x_wconf 89' lang='lat' dir='ltr'><strong>se</strong></span> <span class='ocrx_word' id='word_1_76' title='bbox 441 1565 543 1604; x_wconf 86' lang='lat' dir='ltr'><strong>Milo</strong></span> <span class='ocrx_word' id='word_1_77' title='bbox 571 1573 610 1604; x_wconf 88' lang='lat' dir='ltr'><strong>et</strong></span> <span class='ocrx_word' id='word_1_78' title='bbox 632 1566 791 1604; x_wconf 91' lang='lat' dir='ltr'><strong>Clodius</strong></span> <span class='ocrx_word' id='word_1_79' title='bbox 818 1578 909 1604; x_wconf 88' lang='lat' dir='ltr'><strong>cum</strong></span> <span class='ocrx_word' id='word_1_80' title='bbox 936 1565 1014 1603; x_wconf 88' lang='lat' dir='ltr'><strong>suis</strong></span> <span class='ocrx_word' id='word_1_81' title='bbox 1042 1564 1271 1603; x_wconf 84' lang='lat' dir='ltr'><strong>factionibus</strong></span> 
     </span>
     <span class='ocr_line' id='line_1_16' title="bbox 141 1619 1268 1672; baseline -0.001 -14"><span class='ocrx_word' id='word_1_82' title='bbox 141 1620 281 1659; x_wconf 85' lang='lat' dir='ltr'><strong>Romae</strong></span> <span class='ocrx_word' id='word_1_83' title='bbox 300 1620 638 1672; x_wconf 82' lang='lat' dir='ltr'><strong>depugnaverant:</strong></span> <span class='ocrx_word' id='word_1_84' title='bbox 670 1627 707 1658; x_wconf 87' lang='lat' dir='ltr'><strong>et</strong></span> <span class='ocrx_word' id='word_1_85' title='bbox 727 1626 807 1658; x_wconf 87' lang='lat' dir='ltr'><strong>erat</strong></span> <span class='ocrx_word' id='word_1_86' title='bbox 820 1627 983 1670; x_wconf 83' lang='lat' dir='ltr'><strong>uterque</strong></span> <span class='ocrx_word' id='word_1_87' title='bbox 995 1619 1156 1658; x_wconf 54' lang='lat' dir='ltr'><strong>audaci&amp;</strong></span> <span class='ocrx_word' id='word_1_88' title='bbox 1173 1630 1268 1672; x_wconf 88' lang='lat' dir='ltr'><strong>par:</strong></span> 
     </span>
     <span class='ocr_line' id='line_1_17' title="bbox 144 1673 1007 1726; baseline -0.003 -12"><span class='ocrx_word' id='word_1_89' title='bbox 144 1674 210 1714; x_wconf 86' lang='lat' dir='ltr'><strong>sed</strong></span> <span class='ocrx_word' id='word_1_90' title='bbox 228 1673 333 1713; x_wconf 89' lang='lat' dir='ltr'><strong>Milo</strong></span> <span class='ocrx_word' id='word_1_91' title='bbox 349 1687 420 1726; x_wconf 90' lang='lat' dir='ltr'><strong>pro</strong></span> <span class='ocrx_word' id='word_1_92' title='bbox 438 1674 660 1713; x_wconf 84' lang='lat' dir='ltr'><strong>melioribus</strong></span> <span class='ocrx_word' id='word_1_93' title='bbox 679 1674 853 1726; x_wconf 88' lang='lat' dir='ltr'><strong>partibus</strong></span> <span class='ocrx_word' id='word_1_94' title='bbox 872 1675 1007 1712; x_wconf 84' lang='lat' dir='ltr'><strong>stabat.</strong></span> 
     </span>
    </p>

    <p class='ocr_par' dir='ltr' id='par_1_8' title="bbox 142 1727 1273 1888">
     <span class='ocr_line' id='line_1_18' title="bbox 199 1727 1271 1777; baseline 0 -10"><span class='ocrx_word' id='word_1_95' title='bbox 199 1729 404 1777; x_wconf 82' lang='lat' dir='ltr'><strong>Praeterea‚</strong></span> <span class='ocrx_word' id='word_1_96' title='bbox 424 1728 465 1766; x_wconf 90' lang='lat' dir='ltr'><strong>in</strong></span> <span class='ocrx_word' id='word_1_97' title='bbox 485 1728 666 1767; x_wconf 88' lang='lat' dir='ltr'><strong>eumdem</strong></span> <span class='ocrx_word' id='word_1_98' title='bbox 697 1740 845 1766; x_wconf 85' lang='lat' dir='ltr'><strong>annum</strong></span> <span class='ocrx_word' id='word_1_99' title='bbox 875 1727 1119 1766; x_wconf 86' lang='lat' dir='ltr'><strong>consulatum</strong></span> <span class='ocrx_word' id='word_1_100' title='bbox 1153 1727 1271 1777; x_wconf 85' lang='lat' dir='ltr'><strong>Milo,</strong></span> 
     </span>
     <span class='ocr_line' id='line_1_19' title="bbox 142 1781 1273 1835; baseline -0.001 -14"><span class='ocrx_word' id='word_1_101' title='bbox 142 1781 305 1822; x_wconf 87' lang='lat' dir='ltr'><strong>Clodius</strong></span> <span class='ocrx_word' id='word_1_102' title='bbox 318 1789 541 1835; x_wconf 81' lang='lat' dir='ltr'><strong>praeturam,</strong></span> <span class='ocrx_word' id='word_1_103' title='bbox 558 1784 713 1834; x_wconf 88' lang='lat' dir='ltr'><strong>petebat</strong></span> <span class='ocrx_word' id='word_1_104' title='bbox 727 1796 739 1829; x_wconf 83' lang='lat'>3</span> <span class='ocrx_word' id='word_1_105' title='bbox 761 1794 880 1834; x_wconf 88' lang='lat' dir='ltr'><strong>quam</strong></span> <span class='ocrx_word' id='word_1_106' title='bbox 896 1781 1066 1821; x_wconf 87' lang='lat' dir='ltr'><strong>debilem</strong></span> <span class='ocrx_word' id='word_1_107' title='bbox 1084 1782 1273 1831; x_wconf 83' lang='lat' dir='ltr'><strong>futuram,</strong></span> 
     </span>
     <span class='ocr_line' id='line_1_20' title="bbox 146 1837 758 1888; baseline -0.003 -12"><span class='ocrx_word' id='word_1_108' title='bbox 146 1838 302 1876; x_wconf 88' lang='lat' dir='ltr'><strong>consule</strong></span> <span class='ocrx_word' id='word_1_109' title='bbox 321 1837 487 1886; x_wconf 83' lang='lat' dir='ltr'><strong>Milone,</strong></span> <span class='ocrx_word' id='word_1_110' title='bbox 507 1837 758 1888; x_wconf 83' lang='lat' dir='ltr'><strong>intelligebat.</strong></span> 
     </span>
    </p>

    <p class='ocr_par' dir='ltr' id='par_1_9' title="bbox 147 1889 1283 2268">
     <span class='ocr_line' id='line_1_21' title="bbox 199 1889 1274 1940; baseline 0 -11"><span class='ocrx_word' id='word_1_111' title='bbox 199 1889 365 1940; x_wconf 83' lang='lat' dir='ltr'><strong>Deinde,</strong></span> <span class='ocrx_word' id='word_1_112' title='bbox 387 1904 478 1930; x_wconf 89' lang='lat' dir='ltr'><strong>cum</strong></span> <span class='ocrx_word' id='word_1_113' title='bbox 496 1890 564 1929; x_wconf 83' lang='lat' dir='ltr'><strong>diu</strong></span> <span class='ocrx_word' id='word_1_114' title='bbox 582 1898 703 1929; x_wconf 80' lang='lat' dir='ltr'><strong>tracta</strong></span> <span class='ocrx_word' id='word_1_115' title='bbox 721 1897 844 1930; x_wconf 89' lang='lat' dir='ltr'><strong>essent</strong></span> <span class='ocrx_word' id='word_1_116' title='bbox 866 1889 1021 1929; x_wconf 84' lang='lat' dir='ltr'><strong>comitia</strong></span> <span class='ocrx_word' id='word_1_117' title='bbox 1045 1889 1274 1939; x_wconf 79' lang='lat' dir='ltr'><strong>consularia,</strong></span> 
     </span>
     <span class='ocr_line' id='line_1_22' title="bbox 147 1943 1279 1998; baseline -0.003 -13"><span class='ocrx_word' id='word_1_118' title='bbox 147 1945 355 1998; x_wconf 86' lang='lat' dir='ltr'><strong>perficique</strong></span> <span class='ocrx_word' id='word_1_119' title='bbox 384 1946 433 1984; x_wconf 95' lang='lat' dir='ltr'><strong>ob</strong></span> <span class='ocrx_word' id='word_1_120' title='bbox 461 1958 522 1983; x_wconf 87' lang='lat' dir='ltr'><strong>eas</strong></span> <span class='ocrx_word' id='word_1_121' title='bbox 547 1945 648 1997; x_wconf 86' lang='lat' dir='ltr'><strong>ipsas</strong></span> <span class='ocrx_word' id='word_1_122' title='bbox 670 1945 839 1997; x_wconf 85' lang='lat' dir='ltr'><strong>perditas</strong></span> <span class='ocrx_word' id='word_1_123' title='bbox 868 1943 1160 1983; x_wconf 81' lang='lat' dir='ltr'><strong>candidatorum</strong></span> <span class='ocrx_word' id='word_1_124' title='bbox 1189 1957 1279 1983; x_wconf 88' lang='lat' dir='ltr'><strong>con-</strong></span> 
     </span>
     <span class='ocr_line' id='line_1_23' title="bbox 149 1998 1280 2051; baseline -0.001 -14"><span class='ocrx_word' id='word_1_125' title='bbox 149 2000 335 2038; x_wconf 84' lang='lat' dir='ltr'><strong>tentiones</strong></span> <span class='ocrx_word' id='word_1_126' title='bbox 358 2012 436 2037; x_wconf 89' lang='lat' dir='ltr'><strong>non</strong></span> <span class='ocrx_word' id='word_1_127' title='bbox 453 2006 622 2051; x_wconf 83' lang='lat' dir='ltr'><strong>possent,</strong></span> <span class='ocrx_word' id='word_1_128' title='bbox 645 2007 683 2038; x_wconf 79' lang='lat' dir='ltr'><strong>et</strong></span> <span class='ocrx_word' id='word_1_129' title='bbox 701 2001 750 2038; x_wconf 91' lang='lat' dir='ltr'><strong>ob</strong></span> <span class='ocrx_word' id='word_1_130' title='bbox 767 1999 809 2037; x_wconf 92' lang='lat' dir='ltr'><strong>id</strong></span> <span class='ocrx_word' id='word_1_131' title='bbox 826 2011 958 2037; x_wconf 90' lang='lat' dir='ltr'><strong>mense</strong></span> <span class='ocrx_word' id='word_1_132' title='bbox 971 1999 1001 2037; x_wconf 82' lang='lat' dir='ltr'>J</span> <span class='ocrx_word' id='word_1_133' title='bbox 1004 1999 1162 2037; x_wconf 81' lang='lat' dir='ltr'><strong>anuario</strong></span> <span class='ocrx_word' id='word_1_134' title='bbox 1180 1998 1280 2037; x_wconf 81' lang='lat' dir='ltr'><strong>nulli</strong></span> 
     </span>
     <span class='ocr_line' id='line_1_24' title="bbox 150 2053 1282 2106; baseline -0.002 -14"><span class='ocrx_word' id='word_1_135' title='bbox 150 2053 247 2092; x_wconf 84' lang='lat' dir='ltr'><strong>dum</strong></span> <span class='ocrx_word' id='word_1_136' title='bbox 266 2066 391 2106; x_wconf 91' lang='lat' dir='ltr'><strong>neque</strong></span> <span class='ocrx_word' id='word_1_137' title='bbox 410 2054 584 2092; x_wconf 89' lang='lat' dir='ltr'><strong>consules</strong></span> <span class='ocrx_word' id='word_1_138' title='bbox 603 2066 728 2106; x_wconf 91' lang='lat' dir='ltr'><strong>neque</strong></span> <span class='ocrx_word' id='word_1_139' title='bbox 747 2060 928 2106; x_wconf 82' lang='lat' dir='ltr'><strong>praetores</strong></span> <span class='ocrx_word' id='word_1_140' title='bbox 948 2059 1093 2099; x_wconf 79' lang='lat' dir='ltr'><strong>essent3</strong></span> <span class='ocrx_word' id='word_1_141' title='bbox 1115 2053 1282 2092; x_wconf 84' lang='lat' dir='ltr'><strong>trahere-</strong></span> 
     </span>
     <span class='ocr_line' id='line_1_25' title="bbox 151 2106 1282 2161; baseline -0.002 -15"><span class='ocrx_word' id='word_1_142' title='bbox 151 2113 292 2159; x_wconf 80' lang='lat' dir='ltr'><strong>&#39;turque</strong></span> <span class='ocrx_word' id='word_1_143' title='bbox 326 2107 407 2146; x_wconf 86' lang='lat' dir='ltr'><strong>dies</strong></span> <span class='ocrx_word' id='word_1_144' title='bbox 444 2108 578 2147; x_wconf 89' lang='lat' dir='ltr'><strong>eodem</strong></span> <span class='ocrx_word' id='word_1_145' title='bbox 615 2121 694 2161; x_wconf 92' lang='lat' dir='ltr'><strong>quo</strong></span> <span class='ocrx_word' id='word_1_146' title='bbox 730 2115 843 2147; x_wconf 87' lang='lat' dir='ltr'><strong>antea</strong></span> <span class='ocrx_word' id='word_1_147' title='bbox 878 2107 1008 2156; x_wconf 85' lang='lat' dir='ltr'><strong>modo,</strong></span> <span class='ocrx_word' id='word_1_148' title='bbox 1042 2106 1140 2145; x_wconf 91' lang='lat' dir='ltr'><strong>dum</strong></span> <span class='ocrx_word' id='word_1_149' title='bbox 1177 2107 1282 2145; x_wconf 82' lang='lat' dir='ltr'><strong>Milo</strong></span> 
     </span>
     <span class='ocr_line' id='line_1_26' title="bbox 150 2160 1283 2214; baseline -0.001 -15"><span class='ocrx_word' id='word_1_150' title='bbox 150 2161 445 2214; x_wconf 83' lang='lat' dir='ltr'><strong>quamprimum</strong></span> <span class='ocrx_word' id='word_1_151' title='bbox 475 2161 631 2201; x_wconf 87' lang='lat' dir='ltr'><strong>comitia</strong></span> <span class='ocrx_word' id='word_1_152' title='bbox 668 2162 802 2201; x_wconf 82' lang='lat' dir='ltr'><strong>confici</strong></span> <span class='ocrx_word' id='word_1_153' title='bbox 838 2162 968 2211; x_wconf 82' lang='lat' dir='ltr'><strong>vellet,</strong></span> <span class='ocrx_word' id='word_1_154' title='bbox 1006 2160 1283 2212; x_wconf 85' lang='lat' dir='ltr'><strong>conficeretque</strong></span> 
     </span>
     <span class='ocr_line' id='line_1_27' title="bbox 153 2214 1282 2268; baseline -0.001 -15"><span class='ocrx_word' id='word_1_155' title='bbox 153 2227 243 2254; x_wconf 89' lang='lat' dir='ltr'><strong>cum</strong></span> <span class='ocrx_word' id='word_1_156' title='bbox 268 2217 457 2255; x_wconf 87' lang='lat' dir='ltr'><strong>bonorum</strong></span> <span class='ocrx_word' id='word_1_157' title='bbox 491 2216 640 2266; x_wconf 83' lang='lat' dir='ltr'><strong>studiis,</strong></span> <span class='ocrx_word' id='word_1_158' title='bbox 668 2216 736 2268; x_wconf 91' lang='lat' dir='ltr'><strong>qui</strong></span> <span class='ocrx_word' id='word_1_159' title='bbox 761 2215 996 2256; x_wconf 81' lang='lat' dir='ltr'><strong>obsistebant</strong></span> <span class='ocrx_word' id='word_1_160' title='bbox 1015 2214 1167 2261; x_wconf 76' lang='lat' dir='ltr'><strong>Clodio,</strong></span> <span class='ocrx_word' id='word_1_161' title='bbox 1198 2221 1282 2253; x_wconf 83' lang='lat' dir='ltr'><strong>tum</strong></span> 
     </span>
    </p>
   </div>
  </div>
 </body>
</html>
