1509 2397
245 72 320 110 113
483 74 597 114 PRO
627 76 874 115 MILONE.
903 76 1009 115 CAP.
1038 76 1104 113 38.

241 185 321 217 est:
352 180 446 231 quid
475 195 555 230 vos,
579 183 754 232 judices?
783 196 861 235 quo
885 182 1042 222 tandem
1067 181 1197 221 animo
1223 179 1326 220 eritis
1340 182 1360 219 ,⁹

243 232 478 273 Memoriam
504 236 666 276 Milonis
690 237 924 283 retinebitis;
952 237 1083 289 ipsum
1107 234 1262 285 ejicietis
1275 236 1294 273 :³
1323 241 1361 272 et

243 287 314 324 erit
333 287 482 339 dignior
500 290 604 329 locus
630 291 670 328 in
689 292 795 330 terris
821 291 938 339 ullus,
965 291 1034 343 qui
1051 291 1151 329 hanc
1179 288 1360 327 virtutem

245 341 423 392 excipiat,
455 356 573 394 quam
598 345 673 392 hic,
705 346 773 397 qui
803 347 1044 397 procreavit?
1074 344 1170 391 Vos,
1200 355 1268 381 vos
1293 355 1362 393 ap-

245 394 361 445 pello,
381 396 576 436 fortissimi
595 399 679 447 viri,
701 400 769 451 qui
786 400 957 437 multum
975 412 1045 450 pro
1062 395 1259 450 republica
1277 408 1364 433 san-

246 449 404 498 guinem
423 451 608 490 effudistis
621 466 637 497 ,;
668 466 747 501 vos,
767 453 808 491 in
827 453 899 491 viri
924 461 961 491 et
978 453 1019 490 in
1038 452 1128 490 civis
1146 449 1278 489 invicti
1295 462 1364 500 ap-

246 503 349 552 pello
380 505 562 554 periculo,
596 507 847 555 centuriones,
873 519 1030 558 vosque,
1063 505 1228 543 milites:
1258 503 1366 541 vobis

247 567 326 594 non
343 558 459 596 modo
478 559 791 611 inspectantibus,
813 560 879 599 sed
897 561 1012 598 etiam
1031 559 1201 605 armatis,
1221 564 1260 596 et
1275 556 1367 594 huic

245 609 392 658 judicio
409 613 712 663 praesidenfibus,
739 615 822 653 haec
850 622 956 653 tanta
973 614 1095 652 virtus
1119 626 1167 651 ex
1184 612 1257 649 hac
1273 612 1368 648 urbe

246 665 488 715 expelletur?
519 669 834 707 exterminabitur
848 671 865 708 ?
894 667 1113 720 projicietur
1127 667 1146 704 ἱ)

303 717 342 757 Ο
361 731 425 758 me
442 720 626 759 miserum
645 722 654 759 !
686 735 709 760 o
728 722 943 761 infelicem!
975 723 1170 761 Revocare
1188 727 1232 758 tu
1250 731 1314 756 me
1327 717 1369 755 in

249 772 428 822 patriam,
450 774 566 823 Milo,
587 777 745 827 potuisti
763 790 831 828 per
848 777 942 815 hos:
973 788 1044 827 ego
1057 783 1096 813 te
1107 774 1149 813 in
1162 771 1286 826 patria
1302 785 1371 823 per

249 826 402 865 eosdem
420 828 580 867 retinere
599 842 677 868 non
702 840 834 882 potero
848 833 866 869 ἓ
895 830 1005 878 Quid
1023 828 1257 881 respondebo
1274 826 1371 864 libe-

250 878 302 916 ris
331 881 441 930 meis,
472 883 540 933 qui
570 892 607 921 te
636 893 834 935 parentem
855 884 1029 923 alterum
1058 889 1198 935 putant
1214 883 1232 920 ?
1275 879 1371 932 quid

251 932 336 981 tibi,
358 935 408 982 Q.
429 935 558 984 frater⁷
579 939 647 988 qui
665 950 768 976 nunc
797 940 900 986 abes,
921 937 1083 976 consorti
1101 947 1255 976 mecum
1273 941 1372 972 tem-

251 999 391 1037 porum
418 989 610 1030 illorum?
639 1005 702 1030 me
727 1004 804 1030 non
829 992 996 1043 potuisse
1018 990 1181 1029 Milonis
1206 989 1371 1027 salutem

252 1042 351 1079 tueri
375 1056 442 1094 per
465 1044 630 1093 eosdem,
657 1059 725 1097 per
752 1059 848 1097 quos
871 1053 1041 1084 nostram
1069 1045 1135 1082 ille
1160 1041 1372 1082 servasset?

252 1095 312 1132 At
329 1095 370 1134 in
389 1098 467 1148 qua
486 1099 600 1137 causa
619 1112 695 1137 non
715 1100 914 1151 potuisse?
944 1112 1032 1151 quae
1051 1106 1105 1136 est
1124 1105 1233 1149 grata
1250 1094 1375 1148 genti-

253 1150 338 1187 bus.
367 1151 409 1188 A
440 1151 580 1202 quibus
610 1166 687 1191 non
717 1154 919 1205 potuisse?
948 1155 997 1191 ab
1026 1152 1085 1199 iis,
1114 1151 1183 1203 qui
1203 1149 1376 1188 maxime

255 1202 302 1241 P.
324 1203 450 1242 Clodii
469 1214 591 1244 morte
609 1207 847 1258 acquierunt.
877 1206 969 1255 Quo
987 1206 1212 1257 deprecante
1226 1206 1244 1243 Ρ
1272 1216 1348 1241 me.

310 1257 520 1305 Quodnam
540 1273 610 1310 ego
629 1262 783 1312 concepi
801 1268 955 1299 tantum
974 1261 1108 1307 scelus,
1129 1266 1197 1297 aut
1215 1257 1319 1310 quod
1336 1256 1377 1294 in

254 1324 318 1349 me
336 1319 490 1350 tantum
520 1313 666 1353 facinus
685 1315 837 1363 admisi,
858 1314 1019 1365 judiceS‚
1040 1326 1130 1352 cum
1148 1313 1217 1351 illa
1232 1309 1375 1349 indicia

255 1367 471 1404 communis
484 1367 591 1406 exitii
601 1368 794 1420 indagavi,
806 1369 981 1421 patefeci,
997 1367 1155 1420 protuli,
1171 1364 1372 1407 exstinxi?

255 1418 405 1458 Omnes
423 1420 464 1458 in
483 1434 546 1459 me
571 1435 752 1474 meosque
776 1423 992 1461 redundant
1010 1435 1059 1460 ex
1086 1421 1192 1460 fonte
1218 1419 1287 1457 illo
1304 1417 1373 1457 do-

254 1473 365 1512 lores.
395 1473 504 1521 Quid
522 1488 585 1514 me
610 1477 789 1515 reducem
814 1490 894 1515 esse
920 1475 1126 1515 voluistis?
1155 1487 1205 1512 an
1224 1480 1282 1521 ut,
1313 1471 1374 1510 in-'

255 1536 449 1578 spectante
467 1541 544 1577 me,
565 1531 844 1582 expellerentur
861 1531 904 1580 ii,
923 1543 992 1582 per
1013 1542 1110 1581 quos
1128 1540 1250 1567 oesem
1267 1525 1376 1564 resti-

256 1584 394 1620 tutus?
424 1583 571 1632 Nolite,
605 1586 758 1623 obsecro
785 1585 866 1632 'vos‚
896 1584 992 1636 pati„
1018 1583 1117 1621 mihi
1145 1581 1376 1620 acerbiorem

257 1634 424 1673 reditum
443 1649 537 1685 esse,
565 1651 684 1689 quam
707 1638 823 1677 fuerit
846 1638 913 1676 ille
933 1639 1015 1690 ipse
1039 1637 1237 1675 discessus.
1269 1634 1377 1675 Nam

257 1690 327 1739 qui
347 1702 505 1740 possum
523 1700 659 1742 putare
683 1705 747 1731 me
771 1692 991 1731 restitutum
1017 1704 1108 1740 esse,
1139 1689 1171 1728 si
1188 1688 1378 1727 distrahor

257 1743 307 1780 ab
325 1742 385 1789 iis,
405 1757 473 1794 per
492 1758 588 1795 quos
606 1745 804 1785 restitutus
822 1759 909 1785 sum
926 1748 944 1785 ?

315 1796 568 1837 XXXVIII.
611 1799 775 1838 Utinam
813 1800 884 1838 Dii
918 1798 1154 1837 immortales
1189 1796 1377 1844 fecissent,

259 1852 369 1900 (pace
388 1850 467 1899 tua7
488 1852 624 1903 patria,
641 1853 805 1892 dixerim
822 1869 833 1891 z
862 1860 994 1892 metuo
1005 1853 1122 1900 enim,
1138 1864 1188 1890 ne
1205 1850 1381 1889 scelerate

259 1903 385 1942 dicam
403 1904 444 1943 in
471 1913 520 1953 te,
548 1906 651 1958 quod
673 1920 742 1958 pro
768 1907 920 1946 Milone
947 1907 1072 1945 dicam
1095 1906 1157 1958 pie
1170 1912 1201 1953 ε)
1228 1903 1381 1942 utinam

262 1957 309 1995 P.
331 1958 490 1997 Clodius
507 1972 583 1998 non
602 1961 717 1999 modo
736 1961 891 2010 viveret,
908 1961 974 2000 sed
993 1960 1108 1999 etiam
1126 1965 1279 2011 praetor,
1292 1968 1382 1995 con-

260 2012 336 2060 sul,
367 2012 541 2062 dictator,
573 2022 668 2052 esset
699 2015 841 2066 potius,
872 2027 992 2068 quam
1020 2014 1094 2052 hoc
1122 2011 1382 2065 spectaculum

261 2065 441 2105 viderem.
472 2066 510 2106 O
531 2067 600 2106 Dii
617 2068 877 2108 immortales!
909 2069 1062 2115 fortem,
1083 2074 1122 2106 et
1139 2081 1162 2106 a
1179 2065 1301 2113 vobis,
1318 2065 1384 2114 ju-

261 2119 379 2168 dices,
403 2122 704 2160 conservandum
734 2122 887 2161 virum!
921 2121 1147 2170 “Minime‚
1177 2118 1384 2165 minime‚’'

259 2172 410 2225 inquit:
442 2176 471 2198 “
483 2175 604 2216 immo
623 2188 712 2216 vero
730 2189 859 2227 poenas
887 2176 953 2215 ine
970 2175 1116 2215 debitas
1137 2173 1280 2218 luerit;
1309 2183 1378 2210 nos
