1555 2433
354 149 405 187 26
622 149 736 190 PRO
763 148 971 189 BALBO.
1002 148 1107 188 CAP.
1127 149 1192 194 27.

350 254 423 294 diis
441 256 634 296 neminem
651 270 824 309 unquam
843 256 995 296 alterius
1013 256 1167 296 rationis
1186 268 1229 295 ac
1242 256 1372 308 partis,
1384 267 1462 296 non

350 321 405 357 re,
426 322 503 348 non
522 313 649 358 verbo,
669 324 746 349 non
765 311 874 349 vultu
893 311 1070 362 denique,
1084 310 1252 349 offendit.
1282 310 1375 348 Fuit
1390 310 1463 349 hoc

350 362 428 401 sive
452 376 596 411 meum,
623 364 702 403 sive
726 364 942 416 reipublicae
966 365 1103 411 fatum,
1131 371 1175 402 ut
1199 363 1239 401 in
1257 376 1320 401 me
1337 376 1464 402 unum

349 416 472 455 omnis
491 417 557 454 illa
581 418 774 456 inclinatio
793 418 1055 457 communium
1080 426 1298 478 temporum
1315 417 1465 456 incum-

349 470 464 508 beret.
500 472 593 509 Non
623 471 737 510 modo
767 484 843 510 non
877 472 1082 510 exsultavit
1110 471 1151 508 in
1179 471 1300 508 ruinis
1325 471 1462 509 nostris

353 521 584 576 [nostrisque
609 525 822 577 discordiis]
849 525 1071 571 Cornelius3
1103 524 1168 564 sed
1193 524 1298 562 omni
1322 524 1459 572 officio,

349 575 541 627 lacrymis,
573 580 700 630 opera,
732 579 997 624 consolatione,
1031 591 1183 640 01111105,
1206 591 1270 616 1110
1295 579 1460 623 absente.

349 641 454 668 meos
473 632 692 671 sublevavit.
722 632 901 680 Quorum
913 645 981 683 ego
996 632 1208 671 testimonio
1220 644 1263 670 ac
1274 631 1462 683 precibus,

349 695 491 722 munus
521 685 592 723 hoc
620 686 800 724 meritum
824 686 926 747 111110,
955 693 992 724 et
1019 689 1080 729 (ut
1104 700 1128 724 a
1151 685 1336 737 principio
1362 685 1461 733 dixi)

344 736 491 785 justam
510 746 549 776 et
558 739 725 777 debitam
739 740 915 791 gratiam,
928 739 1071 778 refero:
1093 752 1289 791 speroque,
1302 738 1462 788 judices,

351 797 396 828 ut
415 804 490 838 eos,
507 792 574 842 qui
592 794 779 844 principes
797 794 951 831 fuerunt
970 793 1230 832 conservandae
1248 792 1380 831 salutis
1398 799 1466 831 aut

350 843 542 894 dignitatis
560 858 669 893 meae,
690 847 860 897 diligitis,
877 854 914 885 et
925 859 1028 885 caros
1046 847 1207 895 habetis,
1228 846 1293 894 sic,
1311 859 1398 898 quae
1415 847 1464 884 ab

348 897 434 944 hoc,
454 911 523 948 pro
541 898 719 938 facultate
737 900 866 949 hujus,
881 912 949 950 pro
953 900 1056 960 loco,
1069 900 1169 939 facta
1186 906 1290 948 sunt,
1304 907 1343 938 et
1358 906 1466 951 grata

350 963 428 989 esse
447 951 566 998 vobis,
587 959 623 990 et
641 955 810 1003 probata.
841 954 881 991 N
884 965 933 990 on
951 953 1067 1003 igitur
1086 967 1109 991 a
1120 953 1211 1000 suis,
1224 965 1319 1004 quos
1337 953 1465 991 nullos

349 1004 477 1052 habet,
499 1005 563 1043 sed
581 1019 605 1044 a
623 1019 794 1053 suorum,
821 1006 889 1058 qui
910 1013 946 1044 et
965 1006 1078 1044 multi
1103 1013 1140 1044 et
1164 1012 1334 1057 potentes
1360 1013 1463 1055 sunt,

349 1065 507 1118 urgetur
518 1059 699 1097 inimicis:
723 1073 817 1111 quos
831 1059 986 1120 quidem
997 1060 1170 1098 hesterno
1181 1059 1242 1097 die
1261 1059 1333 1097 Cn.
1347 1060 1466 1098 Pom-

349 1111 459 1162 peius
473 1112 623 1163 copiosa
634 1114 800 1152 oratione
818 1121 855 1151 et
871 1113 991 1174 gravi,
1005 1125 1146 1161 secum,
1161 1113 1192 1150 si
1210 1113 1364 1160 vellent,
1378 1125 1468 1152 con-

350 1164 503 1203 tendere
517 1167 700 1215 jubebat,
731 1168 779 1205 ab
798 1166 897 1205 hoc
886 1166 1024 1218 impari
1043 1166 1259 1215 certamine,
1272 1172 1386 1217 atque
1403 1167 1465 1204 in-

347 1217 454 1268 justa
472 1220 723 1267 contentione,
745 1222 938 1258 avocabat.

404 1272 588 1311 XXVII.
623 1273 678 1311 Et
695 1280 774 1312 erat
793 1287 902 1325 aequa
919 1274 996 1321 lex,
1025 1280 1062 1312 et
1080 1273 1202 1321 nobis,
1227 1273 1386 1322 judices,
1407 1279 1465 1311 at-

350 1338 426 1376 que
440 1326 617 1364 omnibus
629 1327 696 1378 qui
714 1328 849 1365 nostris
867 1327 1187 1365 familiaritatibus
1205 1327 1463 1378 implicantur,

350 1380 590 1418 vehementer
602 1381 720 1428 utilis,
741 1388 785 1419 ut
803 1388 948 1419 nostras
966 1380 1181 1418 inimicitias
1199 1380 1272 1432 ipsi
1289 1380 1388 1418 inter
1397 1392 1467 1419 nos

349 1446 543 1483 geramus,
556 1434 686 1472 amicis
705 1442 919 1473 nostrorum
938 1434 1180 1472 inimicorum
1198 1441 1464 1485 temperemus.

351 1487 428 1534 Ac,
450 1487 483 1524 si
501 1500 587 1526 mea
605 1489 806 1527 auctoritas
824 1488 915 1527 satis
933 1488 1037 1540 apud
1055 1487 1169 1526 11105
1158 1500 1199 1525 111
1216 1487 1288 1526 hac
1305 1500 1346 1526 re
1369 1499 1466 1538 pon-

351 1539 448 1578 deris
467 1541 635 1589 haberet,
656 1554 743 1580 cum
762 1552 826 1580 me
844 1542 1052 1593 praesertim
1071 1553 1199 1579 rerum
1217 1541 1394 1579 varietate
1408 1546 1466 1578 at-

352 1606 428 1644 que
446 1607 517 1632 usu
537 1594 618 1645 ipso
643 1596 726 1644 jam
754 1596 975 1647 perdoctum
994 1594 1190 1640 viderent3
1219 1594 1334 1632 etiam
1352 1595 1401 1632 ab
1419 1593 1467 1631 il-
1511 1604 1514 1607 ·

351 1646 398 1684 lis
418 1659 479 1684 eos
498 1648 704 1696 majoribus
723 1649 915 1687 discordiis
934 1660 1140 1687 avocarem.
1172 1646 1242 1696 [Id
1261 1647 1363 1685 enim
1377 1659 1466 1685 con-

353 1699 505 1749 tendere
523 1701 619 1738 1111111
639 1701 787 1740 videtur
805 1715 825 1740 e
838 1715 878 1740 re
895 1701 1087 1753 publica,]
1115 1713 1204 1739 cum
1229 1700 1270 1738 id
1288 1699 1466 1738 defendas

353 1752 457 1804 quod
476 1765 554 1791 esse
574 1754 763 1804 optimum
782 1755 940 1802 sentias3
971 1762 1008 1794 et
1029 1753 1108 1806 [id]
1125 1754 1281 1792 fortium
1299 1754 1468 1792 virorum

354 1813 392 1844 et
409 1819 638 1857 magnorum
656 1808 857 1847 hominum
877 1822 1023 1860 semper
1049 1807 1205 1860 putavi·
1235 1820 1360 1859 neque
1376 1806 1467 1845 huic

352 1872 525 1911 unquam
543 1861 676 1908 labori,
694 1862 828 1910 officio,
847 1862 1012 1910 muneri,
1033 1861 1149 1900 defui.
1179 1861 1255 1900 Sed
1278 1860 1468 1899 contentio

353 1913 509 1957 tamdiu
516 1914 663 1965 sapiens
683 1923 750 1962 est,
771 1916 956 1968 quamdiu
969 1923 1034 1954 aut
1047 1915 1196 1968 proficit
1209 1914 1368 1966 aliquid,
1384 1920 1465 1963 aut,
1498 1924 1500 1926 ’

353 1966 387 2004 si
405 1979 482 2005 non
499 1967 662 2018 proficit,
683 1981 760 2007 non
778 1972 884 2008 obest
902 1969 1056 2008 civitati.

409 2020 616 2059 Voluimus
635 2022 825 2072 quaedam,
846 2023 1123 2071 contendimus,
1143 2020 1288 2074 experti
1305 2033 1463 2060 sumus:

355 2074 509 2112 obtenta
520 2087 598 2113 non
610 2082 722 2113 sunt:
738 2076 907 2115 dolorem
920 2077 999 2122 alii,
1012 2090 1080 2116 nos
1091 2077 1240 2114 luctum
1248 2087 1467 2113 moerorem-

355 2139 431 2178 que
442 2128 686 2179 suscepimus.
717 2129 797 2167 Cur
809 2143 866 2179 03,
883 2143 970 2182 quae
987 2138 1136 2168 mutare
1154 2141 1231 2167 non
1248 2139 1467 2180 possumus,

354 2181 562 2220 convellere
572 2183 781 2231 malumus,
794 2196 912 2234 quam
929 2184 1058 2222 tueri?
1088 2183 1133 2222 C.
1147 2182 1335 2221 Caesarem
1353 2193 1461 2219 sena-

354 2240 417 2273 tus
435 2241 472 2275 et
489 2248 625 2287 genere
643 2236 964 2289 supplicationum
988 2235 1224 2290 amplissimo
1243 2233 1405 2284 ornavit,
1424 2239 1463 2273 et
