1509 2397
245 78 328 118 386
439 77 784 119 PHILIPPICA
813 77 943 118 XIII·
972 78 1082 118 CAP.
1115 77 1178 118 19.

245 197 291 228 ut
309 197 395 229 acta
412 201 483 228 sua
500 196 585 228 rata
609 194 750 238 essent,
781 200 894 239 cujus
911 188 1069 227 nullum
1096 194 1273 228 remanet
1292 198 1384 226 con-

245 244 394 284 sulatus
418 243 638 296 vestigium.
668 243 842 283 Cavebat
870 244 987 282 etiam
1018 243 1068 282 L.
1089 242 1281 291 Antonio,
1311 241 1382 294 qui

244 299 372 338 fuerat
398 299 642 352 aequissimus
670 299 754 351 agri
775 298 917 351 privati
943 305 981 338 et
1008 297 1158 351 publici
1181 297 1385 350 decetnpe·

246 353 371 401 dator
393 355 553 393 Nucula
572 361 609 393 et
630 354 806 393 Lentone
824 353 983 405 collega.

303 409 637 458 “Quamobrem‚
663 422 730 448 vos
755 408 884 461 potius
910 407 1217 456 animadvertite,
1246 413 1383 446 utrum

247 463 298 503 sit
322 463 549 526 elegantius,
577 473 615 503 et
636 464 811 516 partibus
840 463 989 510 utilius,
1009 462 1200 502 Trebonii
1216 469 1385 502 mortem

246 519 440 572 persequi,
461 531 511 557 an
531 519 720 558 Caesaris:
752 525 789 556 et
808 526 941 556 utrum
959 518 1010 556 sit
1035 517 1200 570 aequius,
1225 529 1387 557 emicui·-

246 587 329 613 rere
344 587 427 621 nos,
440 586 519 626 quo
528 573 678 613 facilius
692 572 892 612 reviviscat
908 573 1237 625 Pompeianorum
1255 584 1386 621 ωιιει,

245 629 359 668 toties
374 629 568 680 jugulata,
593 641 643 667 an
663 627 889 675 consentire,
910 640 959 666 ne
976 627 1147 667 ludibrio
1178 626 1300 666 aimus
1324 625 1387 665 in·

246 683 384 723 imicis.
389 684 415 700 ''
456 683 499 723 Si
538 691 634 722 esset
667 683 863 734 jugulata,
897 694 1102 735 nunquam
1134 689 1385 734 exsurgeret:

247 738 354 790 quod
391 738 463 777 tibi
500 739 655 791 tuisque
687 737 913 789 contingat.
904 738 913 763 '
977 737 1203 784 ‘Utrum‚”
1241 736 1386 790 inquit,

245 793 553 886 {Lelegantiusss'
583 794 712 846 Atqui
738 792 811 831 hoc
830 793 933 831 bello
955 792 1003 832 de
1023 791 1216 845 elegantia
1242 792 1388 845 quaeri-

355 849 453 887 “Et
470 848 645 900 partibus
660 847 836 887 utilius.'’
866 849 1015 897 Partes,
1031 847 1190 895 furiose,
1205 846 1390 886 dicuntur

246 902 287 940 in
245 855 404 949 turibi-o,
431 903 470 941 in
504 904 622 942 curia.
653 902 814 942 Bellum
834 911 968 942 contra
995 903 1164 956 patriam
1192 901 1387 941 nefarium

246 958 472 1010 suscepisti.
504 971 760 1011 oppugnas*
745 958 976 996 Mutinam:
1007 956 1262 997 circumsedes
1294 969 1387 996 con·

248 1013 375 1051 sulem
405 1012 677 1064 designatum:
707 1013 857 1052 bellum
884 1020 1080 1052 contra‘te
1103 1012 1184 1051 duo
1210 1012 1387 1052 conallus

246 1076 413 1119 gerunt;
458 1080 628 1120 cumque
660 1068 721 1106 his
751 1081 823 1120 pro
853 1075 1017 1120 praetore
1054 1066 1208 1107 Caesar:
1250 1075 1390 1106 cuneta

243 1130 381 1162 eontra
409 1130 448 1161 te
478 1121 594 1161 Italia
618 1130 768 1161 armata
792 1130 862 1162 oet.
893 1120 993 1161 Istas
1017 1130 1061 1161 tu
1089 1129 1218 1175 partes
1241 1121 1387 1174 potius,

247 1190 368 1229 quam
387 1191 411 1216 a
432 1178 579 1230 populo
599 1178 780 1216 Romano
798 1177 1067 1224 defectionem,
1088 1189 1201 1216 vocas
1214 1176 1234 1214 ⁰?
1264 1178 1294 1200 “
1310 1176 1390 1216 Po-

246 1232 325 1271 tius
343 1232 532 1272 Trebonii
561 1240 742 1279 mortem,
763 1244 812 1271 an
839 1231 1017 1279 casaris,
1041 1243 1323 1284 persequamur
1337 1231 1388 1271 ?”

249 1287 437 1326 Trebonii
457 1287 547 1326 satis
565 1287 753 1339 persecuti
773 1300 922 1335 sumus,
941 1287 1051 1326 hoste
1072 1286 1247 1337 judicato
1265 1285 1392 1326 Dola-

247 1342 380 1381 bellat
412 1342 575 1382 Gabaris
606 1355 711 1381 mors
741 1342 925 1382 facillime
950 1341 1171 1381 defenditur
1196 1341 1392 1381 oblivione

247 1404 288 1436 et
306 1397 472 1437 silentio.
501 1397 579 1437 Sed
598 1397 737 1446 videte,
758 1396 855 1450 quid
873 1397 1068 1436 moliatur.
1099 1396 1205 1436 Cum
1223 1403 1391 1435 mortem

249 1452 415 1491 Cmris
429 1452 689 1491 ulciscendam
708 1460 835 1505 putat,
848 1460 1013 1491 mortem
1029 1452 1226 1514 proponit,
1245 1463 1323 1490 non
1342 1451 1392 1490 iis

249 1507 376 1546 solum
397 1507 467 1560 qui
484 1508 593 1546 illam
614 1520 695 1546 rem
715 1515 929 1560 gesserunt,
957 1506 1023 1546 sed
1048 1506 1096 1546 iis
1114 1507 1248 1556 etiam,
1268 1505 1302 1545 si
1319 1505 1390 1559 qui

251 1573 330 1600 non
350 1563 509 1601 moleste
524 1563 711 1602 tulerunt.

244 1638 247 1641 -
305 1616 428 1656 XIX.
461 1617 682 1666 “Quibus,
714 1617 792 1656 utri
824 1619 998 1656 nosti-hm
1036 1616 1256 1663 ceciderint,
1282 1615 1392 1656 lucro

250 1671 431 1711 futurum
450 1680 535 1711 est:
567 1673 674 1724 quod
693 1672 958 1735 spectaculum
977 1671 1144 1711 adhuc
1131 1685 1217 1734 lpsa
1234 1670 1393 1710 fortuna

250 1726 402 1775 vitavit,
423 1739 472 1766 ne
491 1726 636 1766 videret
661 1729 778 1766 unius
797 1727 965 1779 corporis
991 1727 1088 1766 duas
1115 1726 1230 1775 acies,
1250 1725 1394 1765 huma

250 1781 451 1829 Cicerone,
471 1782 727 1828 dimicanm3
757 1782 826 1835 qui
845 1795 970 1835 usque
987 1795 1033 1821 eo
1050 1781 1147 1820 felix
1165 1788 1236 1829 est,
1257 1788 1303 1820 ut
1327 1780 1395 1820 iis-

249 1835 342 1875 dem
361 1837 598 1876 ornamentis
616 1837 808 1890 deceperit
826 1849 908 1884 vos,
924 1837 1068 1890 quibus
1086 1836 1292 1889 deceptum
1306 1835 1396 1898 ⁰⁰:

249 1903 376 1930 sarem
395 1891 581 1943 gloriatus
600 1893 698 1931 aet.”
730 1892 892 1944 Pergit
881 1905 921 1930 ιιι
941 1905 1031 1931 mea
1043 1891 1266 1954 maledicta,
1281 1889 1395 1945 quasi

251 1959 343 1985 vero
369 1946 405 1985 ei
429 1946 690 2009 pulcherrime
713 1947 841 2000 priora
870 1946 1149 2000 proce-serina
1180 1958 1300 1999 quem
1320 1958 1393 1998 ego

250 2000 426 2040 inustum
441 2001 649 2041 verissimis
662 2002 957 2041 maledictorum
978 2002 1079 2040 notis
1095 2001 1245 2040 undam
1264 2000 1393 2039 homi·

250 2067 350 2095 num
361 2057 560 2095 memoriae
575 2057 831 2110 sempiternae.
861 2056 986 2109 Ego‘
991 2056 1223 2096 lanista‘?”
1251 2055 1395 2117 etqui-

248 2109 341 2150 dem
367 2123 444 2150 non
468 2111 677 2164 insipiens:
709 2111 912 2151 deteriores
939 2110 1043 2150 enim
1066 2110 1242 2164 jugulari
1262 2109 1391 2163 cupio,

249 2165 430 2206 meliore·
460 2166 622 2206 vincere.
654 2169 684 2191 ‘
705 2167 796 2207 Utri
833 2166 1084 2215 ceciderint?
1116 2165 1248 2208 saibit
1283 2165 1393 2205 lucto
