1509 2397
272 116 353 154 314
490 105 830 153 PHILIPPICA
851 112 976 153 VIII.
1006 113 1112 153 cn.
1134 115 1173 152 8.

271 223 492 271 suissemus,
512 222 578 261 sed
597 235 645 260 ne
670 235 693 260 a
712 220 872 260 Mutina
889 221 1046 274 quidem
1067 221 1288 268 recessisse,
1276 235 1288 246 ·
1316 233 1388 273 po·

270 284 445 315 testatem
464 276 537 316 sibi
556 276 609 314 D.
629 276 744 314 Bruti
763 276 1010 314 conveniendi
1021 288 1098 314 non
1110 275 1251 314 fuisse·
1240 304 1252 321 ‚
1273 283 1386 327 puta-

270 331 362 368 bam
381 331 475 378 fore,
494 338 540 368 ut
557 343 703 391 omnes,
721 329 948 368 inflammati
966 329 1066 377 odio,
1080 329 1233 367 excitati
1244 329 1386 377 dolore,

272 384 401 431 armis,
415 385 535 436 equis,
545 384 649 432 viris,
664 384 716 421 D.
728 385 852 422 Bruto
866 383 1163 422 subveniremus.
1178 384 1262 421 Nos
1273 384 1389 421 etiam

272 438 527 488 languidiores
545 438 637 476 facti
655 450 802 486 sumus,
821 444 1026 497 postquam
1044 437 1209 475 Antonii
1233 449 1311 475 non
1332 449 1392 475 so-

273 491 357 528 lum
377 492 573 530 audaciam
594 500 630 529 et
649 492 784 539 scelus,
800 491 865 529 sed
879 491 994 529 etiam
1007 490 1248 529 insolentiam
1259 503 1394 543 super-

273 545 469 596 biamque,
485 545 762 596 perspeximus.

329 599 491 637 Utinam
508 599 555 637 L.
577 600 704 637 Caesar
723 598 877 646 valeret,
905 598 1058 637 Servius
1077 597 1271 649 Sulpicius
1288 597 1392 636 vive-

276 658 333 690 ret
349 653 358 690 !
380 654 504 691 multo
518 653 655 691 melius
672 653 754 690 haec
773 665 887 690 causa
905 660 1078 702 ageretur
1092 665 1115 689 a
1126 652 1260 699 tribus,
1275 665 1393 703 quam

274 717 377 744 nunc
407 708 532 757 agitur
561 708 609 744 ab
641 718 732 743 uno.
781 706 967 744 Dolenter
997 706 1070 744 hoc
1099 705 1225 744 dicam
1250 706 1395 757 potius,

277 773 396 810 quam
408 761 690 798 contumeliose.
712 759 876 806 Deserti,
890 759 1041 807 deserti,
1056 760 1231 810 inquam,
1245 772 1393 807 sumus,

276 821 402 864 patres
431 814 647 865 conscripti,
680 827 703 851 a
731 813 976 864 principibus.
1018 813 1094 852 Sed
1116 814 1178 865 (ut
1197 826 1296 865 saepe
1311 814 1393 863 jam

275 867 377 916 dixi)
409 880 540 905 omnes
570 868 611 905 in
641 874 747 905 tanto
777 867 958 918 periculo,
985 867 1053 919 qui
1072 874 1170 906 recte
1189 874 1226 905 et
1250 867 1396 906 fortiter

276 922 451 968 sentient,
485 929 596 959 erunt
627 921 853 959 consulares.
896 921 1090 959 Animum
1119 921 1230 959 nobis
1263 921 1399 959 afferre

277 975 392 1025 legati
417 975 656 1013 debuerunt:
687 974 862 1013 timorem
891 975 1127 1013 attulerunt:
1156 987 1396 1026 quamquam

277 1029 375 1066 mihi
406 1029 562 1079 quidem
595 1028 770 1066 11111111111.
801 1029 977 1080 quamvis
1013 1028 1060 1067 de
1089 1028 1170 1089 illo,
1202 1028 1251 1066 ad
1279 1041 1396 1080 quem

277 1082 384 1120 missi
415 1090 518 1132 sunt,
539 1085 636 1121 bene
668 1082 914 1120 existiment·
945 1095 967 1120 a
986 1095 1063 1134 quo
1082 1082 1196 1120 etiam
1215 1082 1399 1120 mandata

397 1144 519 1174 erunt.

332 1190 457 1228 VIII.
488 1190 578 1238 Pro,
599 1189 669 1226 Dii
687 1188 948 1228 immortales!
976 1189 1046 1228 ubi
1065 1197 1120 1228 oet
1137 1189 1203 1227 ille
1221 1202 1305 1228 mos
1321 1190 1399 1228 vir.

280 1251 419 1295 tusque
429 1243 646 1292 majorum?
668 1242 714 1280 C.
730 1243 932 1294 Popillius,
949 1243 1052 1295 apud
1064 1244 1226 1304 majores
1237 1251 1397 1291 nostros,

282 1309 372 1336 cum
390 1296 439 1335 ad
456 1297 698 1335 Antiochum
716 1310 844 1347 regem
872 1298 1022 1348 legatus
1051 1297 1190 1335 missus
1218 1308 1326 1344 esset,
1362 1304 1401 1336 et

281 1351 404 1389 verbis
423 1354 573 1389 senatus
593 1351 866 1399 denuntiasset,
886 1359 930 1389 ut
949 1352 998 1389 ab
1025 1350 1266 1389 Alexandria
1283 1351 1402 1390 disce-

282 1404 401 1452 deret,
429 1417 547 1455 quam
577 1404 802 1450 obsidebat,
792 1419 801 1428 ·
833 1418 921 1443 cum
951 1412 1106 1456 tempus
1130 1405 1196 1442 ille
1217 1404 1397 1454 differret,

278 1458 429 1509 virgula
443 1466 605 1496 stantem
618 1458 757 1496 circum
763 1459 932 1510 scripsit;
953 1458 1140 1509 dixitque,
1150 1471 1189 1496 se
1202 1459 1399 1496 renuntia-

282 1519 414 1550 turum
434 1512 596 1558 senatui,
617 1512 690 1550 nisi
709 1513 815 1564 prius
835 1513 908 1551 sibi
926 1512 1119 1573 respondis
1121 1519 1191 1560 set,
1212 1511 1305 1564 quid
1324 1511 1404 1551 fac-

282 1572 393 1604 turus
412 1574 522 1614 esset,
543 1578 662 1617 quam
677 1579 724 1604 ex
742 1566 811 1604 1113
829 1566 1173 1617 circumscriptione
1192 1566 1401 1604 excederet.

284 1619 495 1658 Praeclare.
518 1623 667 1658 senatus
687 1620 789 1658 enim
807 1619 944 1658 faciem
963 1633 1093 1658 secum
1108 1620 1299 1668 attulerat,
1312 1631 1405 1658 auc-

284 1673 475 1711 toritatem
507 1673 644 1725 populi
670 1673 866 1719 Romani3
898 1673 959 1712 6111
983 1673 1052 1725 qui
1069 1685 1146 1711 non
1176 1680 1296 1724 paret,
1324 1685 1403 1712 non

283 1728 332 1764 ab
352 1739 395 1764 eo
413 1727 596 1765 mandata
613 1727 831 1780 accipienda
846 1735 950 1777 sunt,
965 1727 1059 1766 sed'
1047 1740 1129 1779 ipse
1147 1735 1204 1765 est
1222 1734 1325 1765 totus
1342 1739 1404 1766 re-

283 1779 515 1832 pudiandus.

336 1834 406 1872 An
437 1847 507 1885 ego
536 1835 586 1873 ab
616 1847 659 1873 eo
690 1834 872 1874 mandata
901 1834 1125 1886 acciperem,
1159 1833 1226 1886 qui
1252 1835 1405 1873 senatus

284 1887 466 1926 mandata
485 1891 769 1927 contemneret?
803 1897 870 1927 aut
889 1888 923 1927 ei
941 1901 1031 1927 cum
1043 1895 1174 1927 senatu
1189 1888 1405 1940 quidquam

284 1953 490 1979 commune
517 1941 743 1991 judicarem,
775 1943 844 1994 qui
872 1941 1140 1994 imperatorem
1163 1942 1297 1993 populi
1321 1943 1405 1981 Ro-

283 1995 404 2041 mani,
425 2003 558 2033 senatu
582 1996 822 2047 prohibente,
849 1996 1069 2035 obsideret?
1112 1996 1171 2034 At
1189 2009 1275 2048 quae
1292 2008 1404 2034 man-

287 2048 404 2086 data?
433 2062 513 2100 qua
543 2050 784 2100 arrogantia!
815 2063 892 2102 quo
921 2050 1099 2101 stupore!
1131 2063 1208 2101 quo
1237 2049 1401 2101 spiritu!

287 2101 368 2140 Cur
386 2109 515 2140 autem
534 2115 578 2141 ea
595 2104 729 2154 legatis
741 2104 877 2142 nostris
895 2104 1023 2150 dabat,
1039 2116 1126 2142 cum
1143 2103 1192 2141 ad
1203 2115 1272 2141 nos
1285 2102 1402 2154 Coty-

286 2155 364 2193 lam
394 2155 575 2203 mitteret,
606 2164 873 2196 ornamentum
903 2166 1018 2208 atque
1042 2169 1166 2195 arcem
1192 2156 1402 2194 amicorum
