1509 2397
290 125 368 163 313
490 121 823 168 PHILIPPICA
853 127 973 166 VIII.
1005 127 1110 167 Cam
1143 125 1203 164 11.

287 231 544 296 deposuerint,
565 243 602 273 et
631 249 718 274 cum
743 236 966 288 republica
956 249 994 273 1n
1026 235 1188 286 gratiam
1208 233 1400 279 redierint,

288 286 438 326 veniam
458 296 495 326 et
512 289 780 340 impunitatem
801 289 966 328 dandam
986 297 1091 340 puto.

340 340 450 388 Quas
479 343 528 380 ob
547 356 619 389 rec,
647 343 700 382 ita
719 357 872 382 censeo:
906 343 1112 389 “Eorum‚
1132 341 1201 394 qui
1226 353 1316 380 cum
1335 340 1405 378 Μ.-

284 394 459 434 Antonio
481 405 583 444 sunt,
600 397 668 448 qui
683 399 730 435 ab
750 398 866 435 armis
884 396 1133 441 discesserint,
1150 403 1188 434 et
1206 402 1274 432 aut
1291 394 1340 432 ad
1352 394 1399 432 C.

286 448 469 497 Pansam,
489 458 556 488 aut
575 451 624 488 ad
642 451 694 488 A.
718 452 907 499 Hirtium,
928 451 1113 498 consules,
1133 456 1200 487 aut
1218 448 1268 486 ad
1286 447 1401 486 Deci-

284 513 395 539 mum
415 503 599 552 Brutum,
620 505 902 556 imperatorem,
927 504 1121 543 consulem
1143 503 1399 553 designatum,

283 563 351 593 ait
372 556 422 594 ad
449 557 493 594 C.
515 556 705 597 Caesarem
723 572 793 609 pro
817 566 991 609 praetore,
1011 565 1098 596 ante
1124 557 1220 595 Idus
1240 555 1410 593 Martias
1458 605 1463 610 ἡ

282 610 429 671 primas
446 611 620 658 adierint,
641 612 687 650 iis
706 612 833 650 fraudi
851 625 899 650 ne
918 613 979 659 sit,
1000 611 1104 663 quod
1122 624 1212 664 cuni
1230 610 1292 647 M.
1311 609 1400 647 An-

282 664 386 702 tonio
415 665 568 704 fuerint.
599 666 641 704 Si
663 666 749 717 quis
769 679 915 713 eorum,
940 666 1007 718 qui
1027 679 1115 704 cum
1144 665 1205 702 Μ.
1226 662 1406 701 Antonio

283 726 385 764 sunt,
416 719 558 765 fecerit,
591 720 695 768 quod
724 720 866 758 honore
894 720 1098 771 praemiove
1130 719 1293 769 dignum
1323 729 1404 754 esse

281 771 477 817 videatur3
509 773 566 810 uti
592 772 637 812 C.
661 774 800 822 Pansa,
827 775 880 812 A.
910 773 1076 821 Hirtius,
1097 772 1284 818 consules,
1305 771 1400 808 alter

282 827 457 873 ambove,
483 827 514 865 si
532 827 584 865 eis
607 827 810 875 videbitur,
838 829 884 866 de
903 829 986 877 ejus
1004 828 1160 871 honore,
1180 825 1399 878 praemiove,

280 879 405 930 primo
425 894 579 932 quoque
597 881 658 919 die
670 882 719 919 ad
738 890 912 920 senatum
924 882 1099 920 referant.
1131 881 1172 920 Si
1191 879 1291 932 quis,
1312 885 1398 930 post

279 932 351 971 hoc
370 935 772 983 senatus-consultum,
797 936 846 974 ad
864 936 1083 974 Antonium
1101 935 1292 986 profectus
1311 933 1396 970 fue-

279 987 342 1035 rit,
356 996 492 1038 praeter
517 989 564 1026 L.
586 989 766 1035 Varium,
791 997 965 1028 senatum
979 990 1286 1029 existimaturum
1305 999 1399 1026 eum·

279 1049 410 1080 contra
427 1043 703 1094 rempublicam
722 1043 893 1084 fecisse.”
