1509 2397
260 111 340 147 334
507 109 848 149 PHILIPPICA
878 110 930 148 X.
961 109 1066 149 CAP.
1088 110 1124 148 8.

256 224 421 268 quatuor
439 218 626 257 exercitus
643 218 686 267 ii,
712 218 760 257 de
784 218 925 270 quibus
950 217 1047 265 dixi,
1075 223 1274 270 propterea
1290 218 1376 255 lau-

255 270 411 318 dantur,
441 272 546 324 quod
567 285 637 324 pro
656 273 791 324 populi
811 272 981 311 Romani
999 272 1174 310 lil-›ertate
1191 283 1298 310 arma
1316 284 1376 311 ce-

254 332 420 377 perunt3
451 325 546 378 quid
564 334 633 375 est,
657 340 724 366 cur
740 327 804 366 hic
822 326 884 365 Μ.
901 326 1017 365 Bruti
1034 325 1221 365 exercitus
1239 337 1316 363 non
1333 325 1374 363 in

255 378 390 417 eadem
408 380 523 418 causa
540 388 705 432 ponatur
718 383 736 420 Ρ
764 381 824 420 At
841 380 944 419 enim
955 380 1140 419 veteranis
1155 387 1375 431 suspectum

253 440 313 470 est
342 445 482 472 nomen
515 434 642 473 Marci
674 435 801 474 Bruti.
841 434 1022 486 Magisne
1043 447 1162 485 quam
1186 433 1341 472 Decimi
1356 436 1375 472 Ξ*

256 486 453 538 Equidem
465 500 541 526 non
555 489 727 527 arbitror.
756 489 844 527 Etsi
858 496 914 527 est
928 488 1031 527 enim
1042 489 1256 527 Brutorum
1272 499 1376 526 com-

255 552 374 580 mune
383 542 544 590 factum,
561 551 598 581 et
607 543 732 581 laudis
743 543 898 581 societas
912 555 1023 594 aequa
1038 556 1050 588 ς
1066 541 1230 580 Decimo
1247 548 1376 580 tamen

255 595 381 634 Bruto
399 596 568 635 iratiores
587 605 676 635 sunt
693 597 748 646 hi,
770 597 838 648 qui
856 597 898 634 id
921 596 1068 635 factum
1085 595 1279 644 dolebant,
1299 609 1377 647 quo

256 649 386 687 minus
404 652 453 688 ab
469 663 512 689 eo
532 663 614 689 rem
631 651 740 688 illam
759 651 935 689 dicebant
953 650 1037 689 fieri
1055 649 1241 689 debuisse.
1265 649 1375 698 Quid

253 716 345 754 ergo
371 716 474 742 nunc
500 712 621 755 agunt
645 712 702 744 tot
724 705 924 753 exercitus,
944 704 1018 742 nisi
1039 711 1084 742 ut
1108 703 1303 743 obsidione
1321 703 1375 742 D.

255 756 404 796 Brutus
422 758 602 797 liberetur
619 761 636 797 ἓ
669 758 752 807 Qui
766 766 897 797 autem
912 759 983 796 hos
994 758 1179 797 exercitus
1197 757 1344 796 ducunt
1357 760 1375 797 ἓ

256 810 329 858 Hi,
347 812 490 860 (credo)
510 813 578 864 qui
597 813 642 852 C.
665 813 825 852 Caesaris
847 826 905 852 res
928 819 1030 852 actas
1049 811 1179 862 everti,
1199 811 1269 864 qui
1285 824 1377 851 cau-

255 877 339 904 sam
357 874 622 905 veteranorum
640 867 764 918 prodi,
784 868 931 906 volunt.

310 919 436 958 VIII.
467 920 509 959 Si
519 920 599 972 ipse
615 922 755 959 viveret
773 921 820 960 C.
834 921 975 970 Caesar,
991 920 1114 959 acrius
1133 919 1278 968 (credo)
1293 927 1378 959 acta

255 986 326 1011 sua
355 973 585 1023 defenderet,
610 988 729 1027 quam
748 975 806 1014 vir
832 975 1062 1014 fortissimus
1088 974 1259 1013 defendit
1281 973 1377 1012 Hir-

254 1027 357 1074 tius3
388 1035 455 1066 aut
482 1028 638 1067 amicior
663 1042 786 1068 causae
813 1029 1019 1081 quisquam
1046 1036 1171 1080 potest
1199 1028 1376 1077 inveniri,

255 1094 375 1133 quam
389 1082 491 1120 filius
507 1084 524 1121 ?
552 1083 611 1121 At
629 1083 770 1122 horum
782 1083 889 1131 alter,
905 1084 1080 1122 nondum
1092 1095 1140 1120 ex
1157 1081 1379 1134 longinqui-

257 1142 336 1173 tate
363 1136 577 1187 gravissimi
595 1137 720 1175 morbi
738 1144 939 1184 recreatus,
959 1136 1148 1189 quidquid
1164 1137 1301 1174 habuit
1325 1136 1382 1174 vi-

255 1189 373 1238 rium,
392 1189 434 1227 id
452 1190 492 1228 in
512 1203 644 1229 eorum
665 1191 880 1230 libertatem
898 1190 1177 1230 defendendam
1202 1190 1378 1239 contulit,

256 1256 422 1294 quorum
437 1244 533 1282 votis
547 1245 733 1295 judicavit
752 1258 790 1283 se
809 1258 832 1283 a
856 1253 980 1284 morte
995 1250 1239 1283 revocatum:
1269 1245 1378 1292 alter,

256 1297 407 1336 virtutis
426 1300 560 1337 robore
583 1299 742 1348 firmior,
767 1312 887 1350 quam
910 1299 1045 1348 aetatis,
1073 1311 1162 1337 cum
1184 1298 1264 1337 istis
1288 1298 1380 1350 ipsis

256 1352 443 1390 veteranis
472 1352 522 1390 ad
554 1352 607 1390 D.
628 1354 799 1392 Brutum
827 1353 1070 1392 liberandum
1098 1359 1154 1391 est
1177 1352 1379 1404 profectus.

256 1405 386 1456 Igitur
405 1406 463 1444 illi
482 1407 693 1450 certissimi,
706 1407 902 1460 iidemque
916 1407 1089 1446 acerrimi
1101 1406 1260 1445 Caesaris
1278 1414 1381 1445 acto-

257 1472 346 1497 rum
376 1462 542 1511 patroni‚
576 1474 646 1512 pro
674 1461 726 1500 D.
748 1462 864 1500 Bruti
891 1463 1013 1500 salute
1039 1461 1187 1499 bellum
1214 1468 1378 1512 gerunt:

256 1527 355 1565 quos
375 1516 543 1553 veterani
573 1524 812 1567 sequuntur:
845 1516 892 1554 de
918 1516 1093 1554 libertate
1118 1515 1222 1553 enim
1245 1514 1383 1567 populi

257 1568 442 1618 Romani,
463 1582 540 1607 non
560 1569 607 1608 de
625 1570 705 1608 suis
723 1570 946 1618 commodis,
966 1569 1083 1608 armis
1101 1569 1383 1608 decernendum

257 1621 401 1661 vident.
432 1623 541 1671 Quid
560 1631 616 1662 est
635 1624 764 1675 igitur,
786 1637 853 1662 cur
871 1624 932 1672 iis,
954 1623 1021 1676 qui
1039 1623 1093 1661 D.
1107 1624 1278 1661 Brutum
1296 1635 1381 1662 om-

258 1675 373 1714 nibus
406 1678 545 1729 opibus
573 1685 839 1717 conservatum
864 1679 996 1727 velint,
1023 1678 1086 1716 M.
1107 1677 1224 1716 Bruti
1248 1677 1297 1716 sit
1321 1690 1386 1716 su-

258 1737 407 1781 spectus
427 1731 612 1770 exercitus
627 1735 644 1771 Ρ

312 1785 382 1823 An
401 1798 503 1832 vero,
518 1786 549 1824 si
563 1786 657 1838 quid
670 1793 780 1834 esset,
793 1786 897 1838 quod
915 1799 938 1824 a
949 1785 1012 1824 M.
1025 1786 1150 1825 Bruto
1164 1785 1382 1825 timendum

259 1838 464 1887 videretur,
487 1840 614 1878 Pansa
631 1841 672 1879 id
690 1853 768 1878 non
786 1841 930 1879 videret
943 1842 961 1879 Ρ
990 1848 1071 1889 aut,
1091 1840 1123 1879 si
1137 1840 1293 1888 videret,
1303 1853 1381 1879 non

257 1892 445 1932 laboraret
455 1893 473 1930 Ρ
503 1895 589 1945 quis
609 1902 676 1932 aut
694 1895 897 1946 sapientior
915 1894 965 1933 ad
978 1896 1235 1944 conjecturam
1252 1906 1381 1933 rerum

257 1946 492 1995 futurarum,
509 1956 576 1987 aut
591 1949 641 1986 ad
654 1949 961 2001 propulsandum
970 1956 1119 1987 metum
1133 1948 1349 2000 diligentior
1363 1950 1382 1987 Ρ

257 2000 388 2051 Atqui
405 2002 523 2051 hujus
541 2003 717 2041 animum
732 2016 821 2054 erga
841 2003 902 2042 M.
916 2003 1103 2051 Brutum,
1116 2002 1379 2055 studiumque,

259 2053 417 2093 vidistis.
458 2055 646 2108 Praeeepit
673 2058 842 2096 oratione
866 2058 952 2105 sua,
973 2056 1068 2109 quid
1091 2056 1289 2095 decernere
1313 2069 1382 2095 nos

258 2107 307 2146 de
327 2110 466 2157 Bruto,
487 2111 582 2161 quid
600 2111 752 2158 sentire,
765 2118 977 2163 oporteret:
998 2118 1227 2162 tantumque
1241 2110 1379 2155 abfuit,

259 2169 304 2199 ut
323 2163 580 2214 periculosum
597 2165 818 2216 reipublicae
839 2165 902 2203 M.
922 2165 1039 2203 Bruti
1063 2170 1215 2216 putaret
1236 2165 1379 2204 exerci-

260 2224 363 2266 tum,
385 2224 427 2256 ut
446 2217 486 2255 in
509 2232 552 2258 eo
574 2219 838 2258 firmissimum
864 2219 1082 2271 reipublicae
1107 2218 1327 2271 praesidium
1347 2226 1384 2257 et
