1509 2397
257 101 336 138 216
485 100 826 140 PHILIPPICA
857 100 914 139 II.
944 100 1049 140 CAP.
1079 101 1144 139 21.

256 208 401 260 rapinis
430 208 657 260 explevisses
687 209 736 252 (si
760 209 833 248 hoc
857 216 914 248 est
936 209 1102 261 explere,
1122 207 1228 260 quod
1245 207 1374 247 statim

259 262 465 310 effundas),
491 262 677 301 advolasti
701 275 814 314 egens
840 263 889 301 ad
914 264 1167 312 tribunatum,
1196 269 1241 300 ut
1263 261 1305 300 in
1331 273 1376 300 eo

258 317 500 366 magistratu,
522 316 554 354 si
572 330 714 368 posses,
735 317 807 355 viri
825 317 882 355 tui
897 316 1030 355 similis
1050 330 1160 355 esses.

312 370 433 408 XXI.
462 371 638 422 Accipite
656 384 773 417 nunc,
794 383 935 422 quaeso,
956 383 1033 409 non
1053 384 1110 418 ea,
1131 383 1218 422 quae
1235 369 1325 430 ipse
1332 368 1374 407 in

257 437 311 472 se,
331 431 446 476 atque
473 424 513 462 in
539 425 789 463 domesticum
819 424 1024 472 dedecus,
1014 437 1165 476 impure
1183 430 1298 475 atque
1314 421 1374 459 in-

255 484 525 539 temperanter,
546 478 613 516 sed
632 492 717 529 quae
735 479 776 515 in
803 491 872 516 nos
891 478 1137 530 fortunasque
1155 484 1315 524 nostras,
1334 475 1375 513 id

253 540 323 580 est,
343 532 385 569 in
403 532 621 570 universam
635 532 958 583 rempublicam,
946 533 1064 584 nnpie
1083 545 1127 570 ac
1144 530 1301 578 nefarie,
1317 529 1374 568 fe-

257 585 361 624 cerit.
390 586 457 624 Ab
473 585 589 635 hujus
605 586 707 623 enim
723 586 858 624 scelere
875 586 1050 624 omnium
1065 586 1257 623 malorum
1271 583 1377 636 prin-

255 639 402 690 cipium
415 646 552 677 natum
566 639 769 690 reperietis.
800 640 922 687 Nam,
942 653 1046 686 cum,
1067 639 1115 677 L.
1130 639 1311 685 Lentulo,
1329 636 1374 676 C.

255 692 457 740 Marcello,
484 693 717 740 consulibus,
746 693 924 732 Calendis
950 693 1160 741 Januariis,
1180 693 1375 730 labantem

257 754 294 785 et
326 759 445 797 prope
475 746 672 784 cadentem
701 747 977 797 rempublicam
1009 746 1144 785 fulcire
1175 745 1373 797 cuperetis,

255 799 405 851 ipsique
425 800 470 838 C.
485 800 640 847 Caesari,
658 800 688 837 si
708 800 799 838 sana
813 807 940 838 mente
956 807 1066 848 esset,
1087 800 1281 838 consulere
1295 799 1374 836 vel-

256 853 341 892 letis
358 867 370 899 ;
401 861 486 891 tum
505 853 575 891 iste
599 853 798 891 venditum
817 861 932 904 atque
951 853 1235 904 emancipatum
1253 853 1376 891 tribu-

257 915 394 945 natum
415 907 579 945 consiliis
598 907 729 944 vestris
744 907 921 958 opposuit
936 921 948 952 3
979 907 1216 958 cervicesque
1233 919 1323 945 suas
1341 905 1376 944 ei

257 961 418 1010 subjecit
437 960 571 1007 securi,
602 960 681 1011 qua
699 960 814 998 multi
840 961 1054 999 minoribus
1075 961 1117 998 in
1134 960 1296 1012 peccatis
1314 973 1377 998 oc·

256 1015 441 1054 ciderunt.
472 1014 521 1051 In
541 1021 579 1052 te
597 1022 740 1061 autem,
763 1013 824 1051 M.
844 1014 1008 1062 Antoni,
1028 1014 1068 1052 id
1087 1014 1252 1053 decrevit
1271 1026 1378 1052 sena-

255 1075 318 1106 tus
339 1072 392 1109 (et
411 1068 567 1119 quidem
587 1068 804 1115 incolumis,
821 1068 995 1106 nondum
1014 1075 1070 1106 tot
1083 1068 1296 1106 luminibus
1311 1081 1379 1106 ex-

256 1123 432 1169 stinctis),
452 1122 555 1173 quod
571 1121 610 1158 in
625 1122 774 1159 hostem
793 1129 966 1172 togatum
985 1122 1134 1160 decerni
1153 1129 1208 1160 est
1223 1122 1379 1160 solitum

256 1189 363 1214 more
381 1176 585 1224 majorum.
615 1175 669 1213 Et
683 1182 726 1213 tu
742 1176 846 1226 apud
857 1184 982 1226 patres
1001 1175 1229 1227 conscriptos
1248 1182 1378 1214 contra

256 1242 322 1268 me
340 1229 461 1267 dicere
480 1242 595 1267 ausus
614 1242 666 1277 es,
683 1242 772 1267 cum
792 1231 839 1267 ab
854 1229 926 1267 hoc
944 1229 1075 1267 ordine
1095 1242 1164 1280 ego
1183 1241 1379 1267 conserva-

256 1291 317 1322 tor
336 1296 469 1329 essem,
489 1290 532 1320 tu
554 1283 686 1329 hostiS,
707 1282 925 1334 reipublicae
940 1283 1133 1332 judicatus
1149 1285 1166 1321 ?
1197 1282 1378 1321 Comme-

257 1337 419 1375 moratio
437 1336 541 1374 illius
559 1337 617 1374 tui
636 1336 784 1375 sceleris
802 1336 1017 1375 intermissa
1036 1345 1104 1384 est,
1123 1349 1203 1375 non
1230 1349 1378 1375 memo-

257 1391 315 1429 ria
343 1391 477 1429 deleta.
507 1391 618 1428 Dum
643 1402 764 1441 genus
781 1390 1000 1438 hominum,
1028 1391 1125 1429 dum
1142 1390 1277 1442 populi
1295 1390 1378 1429 Ro-

258 1445 366 1483 mani
391 1456 532 1483 nomen
557 1445 720 1482 exstabit
751 1444 872 1495 (quod
898 1444 1055 1496 quidem
1081 1445 1165 1493 erit,
1192 1444 1224 1482 si
1247 1456 1316 1496 per
1339 1451 1379 1482 te

256 1499 420 1547 licuerit,
450 1499 760 1549 sempiternum),
787 1505 855 1536 tua
878 1498 946 1537 illa
970 1498 1148 1550 pestifera
1164 1497 1380 1537 intercessio

255 1553 530 1592 nominabitur.

312 1606 422 1654 Quid
449 1606 586 1658 cupide
613 1620 636 1644 a
663 1614 810 1655 senatu,
841 1607 936 1658 quid
961 1614 1101 1646 temere
1127 1606 1257 1655 fiebat,
1287 1618 1378 1645 cum

256 1668 316 1708 tu,
336 1673 451 1709 unus,
481 1660 709 1708 adolescens,
738 1660 960 1699 universum
989 1661 1161 1699 ordinem
1180 1660 1378 1698 decernere

257 1714 305 1752 de
333 1714 455 1752 salute
484 1713 702 1765 reipublicae
731 1715 959 1765 prohibuisti
974 1717 992 1753 t>
1021 1727 1144 1765 neque
1172 1713 1212 1751 id
1244 1713 1375 1762 semel,

259 1768 324 1806 sed
352 1767 517 1818 saepius:
548 1780 673 1818 neque
698 1776 740 1806 tu
768 1775 895 1806 tecum
923 1768 970 1806 de
988 1770 1138 1806 senatus
1157 1767 1379 1806 auctoritate

258 1822 322 1873 agi
338 1834 471 1872 passus
490 1833 538 1858 es.
570 1821 678 1868 Quid
705 1829 834 1859 autem
858 1823 1055 1872 agebatur,
1085 1821 1158 1859 nisi
1185 1833 1234 1858 ne
1253 1821 1378 1860 delere

258 1885 295 1913 et
314 1882 476 1913 evertere
493 1875 773 1924 rempublicam
801 1875 975 1913 funditus
994 1876 1123 1923 velles,
1145 1887 1234 1913 cum
1253 1881 1290 1912 te
1309 1886 1378 1913 ne-

258 1942 334 1980 que
350 1927 538 1979 principes
560 1928 720 1966 civitatis
746 1929 928 1978 rogando,
949 1941 1074 1980 neque
1100 1930 1264 1977 majores
1281 1935 1376 1966 natu

255 1982 462 2029 monendo,
482 1994 607 2033 neque
620 1981 797 2033 frequens
812 1990 964 2020 senatus
983 1983 1143 2033 agendo,
1159 1982 1207 2020 de
1222 1981 1376 2020 vendita

255 2044 371 2088 atque
389 2034 538 2073 addicta
567 2035 750 2073 sententia
777 2035 975 2074 demovere
1001 2037 1127 2088 potuit
1143 2038 1161 2074 Ρ
1191 2036 1299 2074 Tum
1327 2035 1376 2073 il-

253 2090 337 2137 lud,
357 2089 491 2127 multis
505 2091 618 2127 rebus
637 2097 724 2127 ante
741 2090 908 2138 tentatis,
924 2090 1131 2129 necessario
1145 2089 1216 2128 tibi
1233 2089 1376 2129 vulnus

254 2143 458 2190 inflictum,
478 2143 583 2194 quod
605 2143 736 2195 paucis
765 2150 852 2182 ante
881 2150 944 2183 te:
975 2157 1142 2196 quorum
1173 2142 1375 2182 incolumis
