1509 2397
182 135 263 172 232
414 128 753 174 PHILIPPICA
783 134 842 173 II.
871 132 977 173 CAP.
1007 128 1072 173 38.

179 242 256 280 iste
274 242 445 294 quidem,
461 243 530 295 qui
547 244 617 282 tibi
636 244 704 282 uni
722 251 779 282 est
793 242 1091 293 jureconsultus,
1103 249 1175 294 per·
1182 253 1300 294 quem

182 296 264 334 haec
283 297 377 348 agis,
398 310 445 335 ex
459 297 532 336 ista
549 298 767 350 syngrapha
781 298 910 336 deberi
927 296 1018 335 dicit
1034 309 1105 349 pro
1122 296 1169 334 iis
1187 298 1301 335 rebus

180 364 271 401 quae
290 359 397 390 erant
415 360 502 390 ante
526 353 784 404 syngrapham
806 358 1047 403 recuperatae.
1078 351 1172 389 Non
1196 350 1301 388 enim

180 417 204 441 a
224 412 260 442 te
279 405 396 443 811111.
428 406 493 444 sed
511 407 632 457 prius,
663 419 782 458 quam
797 413 843 443 tu
874 418 988 443 suum
1011 405 1085 443 sibi
1103 403 1298 452 venderes,

180 458 266 509 ipse
295 459 474 510 possedit.
506 461 581 498 Ille
608 460 667 499 vir
695 460 792 497 fait:
834 472 903 497 nos
935 459 1094 510 quidem
1131 465 1300 497 contem·

179 512 312 560 nendi,
333 513 401 564 qui
420 522 613 552 auctorem
631 513 798 561 odimus,
817 520 901 552 acta
918 513 1172 551 defendimus.

236 566 490 605 XXXVIII.
522 568 630 615 Quid
653 581 722 619 ego
749 567 799 606 de
822 566 1105 606 commentariis
1126 566 1300 614 infinitis,

181 621 278 671 quid
292 621 339 659 de
357 621 701 660 innumerabilibus
714 621 991 682 chirographis,
1010 621 1177 672 loquar?
1206 633 1304 672 quo-

183 687 271 712 rum
292 675 407 712 etiam
423 676 634 713 imitatores
653 683 757 722 sunt,
777 675 847 727 qui
865 689 923 722 ea,
943 682 1143 726 tamquam
1157 675 1197 726 gl
1182 673 1303 712 131113-

180 735 312 766 10111111
330 729 493 778 libellos,
515 731 643 781 palam
664 704 870 768 venditent.
900 729 1039 780 Itaque
1064 728 1161 766 tanti
1180 727 1304 767 acervi
1349 728 1353 732 ”

182 794 436 821 nummorum
462 784 566 835 apud
594 784 713 822 istum
746 791 1031 830 construuntur,
1057 791 1102 821 ut
1123 784 1206 832 jam
1235 795 1304 833 ap-

181 836 415 887 pendantur,
453 850 530 876 non
567 844 831 882 numerentur,
864 837 1047 889 pecuniae.
1087 837 1147 875 At
1182 849 1303 888 quam

181 902 281 928 caeca
300 891 457 929 avaritia
476 900 531 930 est
549 892 558 929 !
592 893 730 943 Nuper
755 892 834 929 fixa
859 892 992 930 tabula
1011 897 1080 938 est,
1101 890 1181 942 qua
1211 889 1304 929 civi-

182 951 279 982 tates
315 945 623 996 locupletissimae
653 945 899 985 Cretensium
927 944 1175 996 vectigalibus
1207 944 1303 983 libe-

181 1006 341 1045 rantur;
372 1000 639 1051 statuiturque,
666 1012 728 1048 ne,
748 1007 836 1051 post
861 999 922 1038 M.
943 999 1115 1037 Brutum
1142 1010 1303 1050 procon-

181 1053 321 1100 sulem,
349 1053 398 1090 sit
423 1053 538 1092 Creta
566 1053 771 1105 provincia.
799 1053 866 1092 Tu
890 1053 1029 1091 mentis
1049 1066 1088 1091 es
1113 1065 1267 1104 compos
1281 1054 1301 1091 ?

180 1112 225 1143 tu
245 1119 321 1144 non
341 1108 655 1159 constringendus
671 1110 689 1147 ?
718 1108 802 1155 An,
825 1107 985 1146 Caesaris
1003 1106 1166 1154 decreto,
1188 1107 1302 1145 Creta

178 1168 266 1210 post
297 1161 357 1199 M.
378 1162 494 1199 Bruti
513 1162 707 1200 decessum
730 1162 856 1213 potuit
879 1161 1046 1208 liberari,
1066 1174 1156 1199 cum
1187 1161 1301 1200 Creta

182 1213 281 1251 nihil
300 1215 348 1252 ad
367 1215 551 1264 Brutum,
575 1216 724 1254 Caesare
742 1216 844 1263 vivo,
864 1214 1095 1267 pertineret.
1085 1217 1103 1243 ⁶>
1131 1215 1206 1263 At,
1225 1214 1300 1253 hu·

179 1269 246 1317 jus
265 1269 481 1307 venditione
501 1269 657 1317 decreti,
681 1273 747 1312 (ne
768 1270 867 1307 nihil
886 1276 1015 1308 actum
1033 1268 1192 1321 putetis)
1212 1281 1300 1320 pro-

179 1322 346 1360 vinciam
384 1323 540 1361 Cretam
567 1299 796 1375 perdidistis.
837 1323 1011 1363 Omnino
1037 1335 1152 1361 nemo
1179 1322 1300 1361 ullius

176 1376 233 1414 rei
251 1376 326 1414 fuit
345 1385 481 1423 emtor,
503 1378 565 1415 cui
579 1378 742 1416 defuerit
761 1378 824 1416 hic
842 1377 1027 1415 venditor.

233 1430 289 1468 Et
307 1431 354 1468 de
369 1432 565 1470 exsulibus
582 1432 723 1483 legem,
744 1444 863 1483 quam
874 1431 1006 1479 fixisti,
1025 1430 1158 1469 Caesar
1173 1431 1264 1470 tulit
1279 1433 1299 1471 ?

179 1484 342 1522 Nullius
364 1485 526 1524 insector
548 1486 804 1524 calamitatem
818 1500 830 1524 ε
859 1492 1012 1523 1311111111
1037 1498 1189 1537 queror,
1219 1485 1299 1537 pri-

177 1550 303 1586 mum,
325 1552 457 1577 eorum
475 1539 618 1578 reditus
639 1547 822 1591 aequatos,
838 1552 1003 1591 quorum
1018 1552 1172 1577 causam
1190 1539 1301 1577 dissi-

176 1593 311 1630 milem
338 1593 466 1632 Caesar
485 1593 695 1643 judicarim
727 1593 876 1642 deinde,
897 1593 1023 1632 nescio
1048 1606 1116 1631 cur
1143 1593 1300 1644 reliquis

178 1646 283 1684 idem
313 1659 391 1685 non
411 1648 580 1686 tribuas:
610 1660 736 1699 neque
753 1649 858 1686 enim
885 1648 974 1699 plus
994 1659 1112 1698 quam
1139 1654 1214 1685 tres
1232 1654 1300 1685 aut

177 1707 343 1751 quatuor
361 1701 499 1752 reliqui
518 1709 620 1740 sunt.
651 1701 734 1749 Qui
752 1702 870 1740 simili
895 1701 937 1739 in
956 1700 1171 1739 calamitate
1190 1708 1296 1748 sunt,

176 1767 245 1792 cur
273 1754 342 1792 tua
365 1755 623 1794 misericordia
650 1756 768 1794 simili
795 1767 872 1794 non
897 1755 1080 1793 fruuntur
1096 1757 1114 1793 ?
1143 1767 1211 1793 cur
1236 1768 1299 1794 eos

177 1807 295 1846 habes
311 1808 354 1846 in
373 1809 455 1847 loco
479 1810 638 1861 patr-ui.
629 1811 646 1837 9
675 1809 723 1848 de
741 1822 818 1862 quo
836 1809 948 1856 ferre,
968 1821 1059 1847 811111
1076 1808 1124 1847 (18
1141 1809 1300 1860 reliquis

175 1862 308 1909 ferres,
331 1863 510 1901 noluisti:
542 1876 659 1915 quem
678 1864 795 1902 8113111
813 1863 862 1901 3(1
876 1875 1075 1901 censuram
1093 1863 1300 1914 petendam

177 1916 393 1976 impulisti3
424 1930 586 1968 eamque
616 1918 839 1969 petitionem
870 1917 1113 1969 comparasti,
1144 1930 1232 1969 quae
1261 1924 1300 1956 et

177 1970 275 2008 risus
293 1971 496 2009 hominum
516 1979 553 2009 et
571 1972 743 2032 querelas
760 1979 942 2010 moveret.

233 2025 314 2063 Cur
345 2032 476 2063 autem
511 2038 555 2063 ea
583 2026 740 2063 comitia
767 2038 846 2064 non
874 2024 1042 2063 habuisti
1058 2027 1076 2063 Ρ
1105 2024 1175 2063 An
1204 2024 1296 2076 quia

175 2078 354 2116 tribunus
380 2079 502 2130 plebis
523 2079 723 2117 sinistrum
748 2079 898 2118 fulmen
922 2079 1126 2117 nuntiabat
1142 2081 1160 2117 ἲ
1188 2078 1295 2117 Cum

175 2132 246 2170 tu'a
283 2133 378 2184 quid
413 2133 582 2181 interest,
619 2134 729 2172 nulla
755 2133 926 2185 auspicia
951 2133 1055 2179 sint3
1086 2145 1175 2172 cum
1207 2140 1295 2171 tuo-

174 2199 277 2233 rum,
304 2194 390 2225 tum
414 2187 464 2226 sis
489 2187 686 2238 religiosus
700 2190 718 2226 9
748 2187 888 2236 Quid?
918 2187 1098 2226 eumdem
1130 2186 1174 2226 in
1205 2199 1295 2237 sep-

170 2240 375 2280 temviram
394 2253 521 2281 nonne
539 2241 742 2282 destituisti
759 2244 776 2281 ?
806 2241 1019 2281 Intervenit
1037 2240 1152 2280 enim.
1180 2239 1296 2289 Quia}
