1509 2397
328 105 668 146 PHILIPPICA
698 107 800 147 XII.
831 107 936 146 CAP.
963 108 1022 145 12.
1151 108 1231 152 307

176 212 346 252 Memini
375 214 565 266 colloquia
585 223 622 253 et
649 228 738 253 cum
764 215 958 254 acerrimis
988 216 1176 265 hostibus,
1207 224 1245 254 et

116 279 209 305 cum
237 267 459 318 gravissime
488 267 796 308 dissentientibus
826 270 984 308 civibus.
1015 269 1088 308 Cn.
1121 270 1240 308 Pom-

122 320 245 382 peius,
266 321 375 359 Sexti
410 321 527 369 filius,
548 322 694 369 consul,
715 335 778 361 me
797 332 995 374 praesente,
1020 336 1108 362 cum
1129 337 1249 362 essem

119 374 193 412 tiro
210 375 251 412 in
276 375 358 424 ejus
382 375 563 423 exercitu,
590 389 679 414 cum
706 377 752 414 Ρ.
774 377 814 415 V
817 378 906 415 ettio
937 378 1112 424 Scatone,
1144 377 1240 416 duce

119 427 382 477 Blarsorum,
370 437 468 467 mter
485 430 578 468 bina
596 438 716 468 castra
730 431 940 469 collocutus
955 438 1022 469 est.
1051 431 1142 479 Quo
1155 432 1241 483 qui-

119 481 210 520 dem
228 482 389 521 memini
414 484 502 522 Sex.
534 484 780 546 Pompeium,
810 485 968 522 fratrem
993 485 1172 532 consulis,
1193 486 1243 524 ad

119 536 382 598 colloquium
371 549 500 588 lpsum
516 537 643 576 Roma
661 552 684 576 v
687 538 802 585 enire,
820 538 976 576 doctum
988 539 1115 576 virum
1128 547 1245 590 atque

121 590 353 642 sapientem:
385 605 502 642 quem
523 605 612 630 cum
631 593 742 631 Scato
762 593 975 640 salutasset,
1008 595 1035 615 “
1057 592 1188 640 Quem
1208 601 1245 631 te

122 645 316 695 appellem
330 645 377 683 ?'’
409 645 547 697 inquit.
582 648 643 684 At
660 647 740 694 ille,
763 650 791 669 “
808 647 1019 685 Voluntate
1037 646 1244 697 hospitem,

122 699 342 737 necessitate
360 699 550 738 hostem.”
587 701 684 738 Erat
706 701 747 738 in
765 701 832 738 illo
852 701 1040 751 colloquio
1060 701 1218 752 aequitas
1233 716 1244 738 ε

121 753 253 791 111111115
272 752 400 802 timor,
416 754 525 792 nulla
539 757 691 793 suberat
710 755 871 806 suspicio
886 770 896 793 :
926 755 1116 793 mediocre
1132 755 1248 793 etiam

124 806 283 844 odium:
314 819 392 845 non
411 808 529 856 enim,
550 816 595 846 ut
613 809 801 860 eriperent
812 809 921 847 nobis
933 809 1023 847 socii
1038 808 1245 856 civitatem,

124 860 191 898 sed
209 868 254 898 ut
271 861 312 898 in
331 874 414 899 eam
435 861 704 913 reciperentur,
717 865 909 914 petebant.
940 863 1050 901 Sulla
1062 875 1151 901 cum
1167 863 1248 900 Sci-

124 914 252 965 pione,
272 914 370 953 inter
388 916 498 953 Cales
529 924 565 954 et
591 917 785 963 Teanum,
818 929 907 955 cum
927 917 1021 955 alter
1041 917 1250 955 nobilitatis

125 968 272 1016 florem,
304 968 399 1007 alter
424 970 515 1007 belli
534 970 652 1008 socios
672 970 920 1017 adhibuisset,
952 971 999 1008 de
1027 971 1250 1009 auctoritate

124 1025 290 1071 senatus,
311 1022 358 1061 de
376 1023 565 1075 suffragiis
580 1025 727 1076 populi,
743 1032 779 1062 et
795 1025 841 1062 de
852 1025 939 1074 jure
954 1024 1131 1071 011113115,
1147 1025 1249 1075 leges

123 1076 222 1115 inter
236 1090 288 1123 se,
303 1077 635 1129 conditionesque,
640 1079 894 1117 contulerunt.
926 1080 967 1117 N
969 1091 1017 1116 on
1031 1079 1154 1116 tenuit
1166 1092 1250 1117 om-

123 1131 216 1169 111110
236 1131 471 1183 colloquium
490 1132 588 1170 illud
606 1132 748 1170 fidem·
778 1146 801 1171 a
813 1146 851 1171 vi
863 1140 991 1171 tamen
1004 1133 1249 1185 periculoque

125 1184 262 1223 abfuit.

179 1238 282 1278 XII.
302 1240 582 1280 Possumusne
573 1241 690 1293 igitur
701 1242 742 1279 in
754 1241 918 1280 Antonii
928 1242 1127 1280 latrocinio
1141 1255 1251 1293 aeque

124 1305 207 1332 esse
225 1293 329 1332 tuti?
360 1295 453 1332 Non
468 1308 694 1346 possumus:
717 1303 797 1343 aut,
816 1296 847 1334 si
862 1296 985 1334 caeteri
996 1306 1169 1347 possunt,
1185 1309 1250 1334 me

124 1360 234 1399 posse
252 1348 395 1386 diffido.
426 1349 544 1396 Quod
557 1350 588 1388 si
602 1362 679 1388 non
692 1357 799 1388 extra
811 1358 931 1388 castra
943 1350 1246 1401 congrediemur,

125 1415 213 1453 quae
232 1402 281 1440 ad
299 1403 534 1454 colloquium
559 1412 681 1442 castra
706 1407 937 1443 sumentur?
969 1405 1018 1442 ln
1038 1412 1166 1442 nostra
1183 1404 1250 1442 ille

126 1468 329 1508 nunquam
348 1457 497 1495 veniet:
528 1459 653 1496 multo
672 1458 801 1496 minus
820 1471 890 1496 nos
909 1458 950 1496 in
977 1458 1094 1496 illius.
1139 1457 1249 1496 Reli-

126 1523 251 1561 quum
270 1518 339 1559 est,
360 1519 404 1549 ut
431 1519 467 1549 et
485 1512 718 1563 accipiantur
738 1520 774 1550 et
793 1512 1036 1550 remittantur
1053 1512 1248 1563 postulata

123 1577 192 1615 per
209 1565 349 1609 literas.
383 1565 491 1617 Ergo
511 1567 652 1604 erimus
670 1566 710 1604 in
730 1566 869 1604 castris.
912 1566 1020 1614 Mea,
1051 1567 1099 1604 ad
1118 1566 1249 1604 omnia

123 1619 330 1670 postulata,
349 1632 428 1662 una
447 1621 657 1666 sententia;
688 1633 806 1672 quam
826 1633 915 1658 cum
940 1620 1018 1669 1110,
1047 1621 1153 1658 vobis
1175 1634 1247 1658 au-

125 1672 331 1721 clientibus,
352 1673 497 1723 dixerO,
520 1675 593 1712 isse
612 1682 649 1712 et
667 1674 808 1712 redisse
826 1687 889 1712 me
913 1681 1112 1726 putatote:
1142 1675 1247 1725 lega-

124 1726 269 1765 tionem
285 1727 493 1766 confecero.
523 1728 669 1767 Omnia
687 1728 737 1766 ad
755 1737 930 1766 senatum
955 1742 1042 1767 mea
1060 1729 1247 1767 sententia

123 1781 308 1831 rejiciam,
340 1795 594 1834 quaecumque
621 1783 831 1834 postulabit
855 1783 1063 1821 Antonius.
1105 1784 1246 1834 Neque

124 1835 231 1874 enim
247 1836 336 1874 licet
354 1836 476 1882 aliter,
497 1849 622 1888 neque
640 1837 868 1888 permissum
892 1845 947 1875 est
968 1837 1078 1875 nobis
1097 1839 1145 1876 ab
1173 1837 1247 1875 hoc

124 1886 271 1939 ordine,
304 1897 364 1938 ut,
394 1890 504 1929 bellis
534 1891 725 1938 confectis,
757 1891 888 1929 decem
915 1892 1051 1942 legatis
1077 1891 1248 1943 permitti

123 1944 221 1982 solet
245 1957 352 1982 more
377 1946 594 1994 majorum·
625 1958 750 1996 neque
778 1945 860 1983 ulla
889 1945 1046 1984 omnino
1072 1959 1095 1983 a
1114 1951 1266 1984 senatu'

124 1998 309 2036 mandata
320 2000 545 2050 accepimus.
576 1999 678 2048 Quae
691 2012 779 2037 cum
792 2013 906 2051 agam
917 1999 958 2037 in
970 2000 1139 2047 consilio,
1150 2011 1249 2037 non-

127 2052 248 2091 nullis
279 2055 340 2096 (ut
370 2052 549 2115 arbitror)
581 2054 900 2105 repugnantibus,
925 2066 1052 2092 nonne
1074 2062 1250 2092 metuen-

126 2105 223 2144 dum
235 2114 305 2155 est,
314 2119 363 2145 ne
374 2107 552 2159 imperita
564 2108 732 2146 militum
746 2108 954 2146 multitudo
967 2122 1032 2160 per
1040 2121 1102 2146 me
1115 2121 1250 2160 pacem

125 2159 296 2199 distineri
309 2168 444 2213 putet.
435 2164 452 2187 ²

179 2213 322 2265 Facite,
353 2215 424 2254 hoc
449 2228 580 2256 meum
608 2216 809 2256 consilium
831 2216 998 2269 legiones
1024 2229 1142 2257 novas
1171 2228 1249 2255 non
