1509 2397
240 118 321 155 382
459 118 800 160 PHILIPPICA
829 119 957 159 XIII.
987 118 1094 159 CAP.
1128 119 1190 158 15.

236 223 353 263 fuerit
373 227 413 265 in
431 227 588 277 caeteris,
608 227 699 267 hinc
717 228 881 280 intelligi
894 234 1034 281 potest,
1048 226 1153 279 quod
1164 237 1363 278 ego,unus

236 279 390 319 relictus
410 294 429 319 e
441 282 589 330 multis,
606 283 764 321 contudi
779 290 816 321 et
828 282 941 334 fregi,
954 281 1228 333 adjuvantibus
1240 279 1362 329 vobis,

240 335 468 373 exsultantis
487 336 677 387 praedonis
697 336 909 376 audaciam.

291 387 409 428 XIV.
440 389 559 438 Quod
578 391 610 429 si
629 391 784 430 fortuna
801 391 911 430 nobis
929 389 1045 429 modo
1063 401 1142 428 non
1162 387 1363 440 eripuisset

238 442 318 479 Ser.
340 444 571 495 Sulpicium,
589 446 750 498 ejusque
769 446 956 497 collegam
981 452 1084 492 ante,
1105 443 1167 481 Μ.
1197 443 1367 481 Marcel-

236 496 336 544 lum,
352 500 465 549 (quos
485 499 583 538 cives
599 499 608 537 !
632 513 729 552 quos
740 499 840 538 viros
859 500 888 546 Ξ)
910 498 942 538 si
956 498 1052 537 duos
1065 497 1253 546 consules,
1266 496 1365 535 ami-

236 549 407 590 cissimos
426 553 573 604 patriae,
595 553 713 592 simul
731 567 780 592 ex
797 552 912 591 Italia
932 554 1069 603 ejectos
1085 566 1098 599 3
1129 551 1161 590 si
1179 551 1228 589 L.
1244 550 1366 589 Afra-

235 603 360 653 nium,
400 620 598 645 summum
630 607 793 654 ducem;
832 607 866 646 si
896 608 943 646 P.
978 606 1210 653 Lentulum,
1241 604 1365 643 civem

234 671 325 697 cum
355 660 396 698 in
420 661 562 700 caeteris
581 664 711 709 rebus,
738 669 825 700 tum
850 661 892 699 in
917 661 1039 700 salute
1061 660 1164 708 mezi,
1191 659 1364 711 singula-

234 725 315 751 rem
333 727 344 760 ς
375 714 407 753 si
430 715 636 764 Bibulum,
657 717 768 766 cujus
787 724 842 755 est
867 716 908 754 in
927 714 1207 767 rempublicam
1225 713 1363 752 merito

234 779 386 819 semper
404 769 560 808 laudata
588 771 828 817 constantia3
859 770 891 808 si
921 770 970 808 L.
1001 768 1238 817 Domitium,
1263 781 1364 820 prae-

231 822 511 862 stantissimum
542 824 690 871 civem;
732 825 764 864 si
793 825 974 876 Appium
1014 821 1241 870 Claudium,
1277 825 1363 874 pari

231 876 430 915 nobilitate
448 885 486 915 et
509 879 708 918 voluntate
731 879 967 931 praeditum3
998 878 1030 917 si
1057 878 1104 916 P.
1125 876 1359 929 Scipionem,

231 929 487 970 clarissimum
524 933 666 979 virum,
704 935 977 985 majorumque
1014 945 1172 971 suorum
1209 930 1361 969 similli-

231 995 359 1033 mum,
379 987 594 1038 respublica
622 995 750 1026 tenere
767 988 979 1040 potuisset3
1010 994 1122 1033 certe,
1143 985 1203 1024 his
1221 998 1359 1023 consu-

230 1037 391 1087 laribus,
411 1053 489 1079 non
509 1048 605 1080 esset
630 1041 891 1094 Pompeianus
910 1040 1175 1092 despiciendus
1193 1047 1360 1078 senatus.

231 1091 377 1132 Utrum
402 1095 521 1146 igitur
540 1095 703 1148 aequius,
723 1104 856 1134 utrum
873 1096 1014 1134 melius
1032 1093 1252 1147 reipublicae
1269 1093 1359 1141 fuit,

231 1144 307 1186 Cn.
338 1148 587 1201 Pompeium,
621 1163 671 1188 an
702 1158 886 1190 sectorem
916 1150 989 1189 Cn.
1030 1147 1210 1200 Pompeii
1234 1147 1361 1186 vivere

230 1201 481 1241 Antonium?
503 1203 585 1252 Qui
596 1217 685 1243 vero
696 1205 863 1256 praetorii
882 1205 891 1243 !
923 1216 1090 1256 quorum
1103 1202 1280 1255 princeps
1295 1201 1360 1240 M.

233 1253 346 1304 Cato,
378 1257 560 1310 idemque
591 1259 769 1298 omnium
798 1259 973 1311 gentium
1003 1258 1144 1297 virtute
1172 1255 1361 1309 princeps.

230 1309 341 1358 Quid
359 1311 526 1363 reliquos
540 1313 768 1352 clarissimos
783 1314 883 1352 viros
899 1310 1221 1352 commemorem?
1241 1309 1364 1349 nostis

228 1376 374 1404 omnes.
405 1366 538 1418 Magis
553 1380 697 1417 vereor,
713 1381 761 1407 ne
773 1369 934 1420 longum
949 1380 1013 1406 me
1025 1366 1067 1406 in
1082 1363 1359 1413 enumerando,

228 1432 350 1470 quam
390 1432 438 1459 ne
467 1421 667 1474 ingratum
700 1423 742 1460 in
772 1421 1052 1474 praetereundo‚
1085 1419 1239 1473 putetis.
1277 1417 1362 1467 Qui

227 1473 406 1512 aedilicii!
433 1475 501 1527 qui
517 1476 734 1516 tribunicii!
762 1477 831 1529 qui
842 1475 1059 1530 quaestorii!
1086 1474 1196 1524 Quid
1207 1472 1359 1512 multa?

227 1527 314 1565 talis
353 1538 572 1569 senatorum
606 1538 644 1570 et
679 1531 846 1583 dignitas
877 1538 915 1570 et
946 1529 1158 1569 multitudo
1186 1528 1278 1576 fuit,
1315 1534 1361 1566 ut

226 1582 370 1633 magn&
389 1585 632 1625 excusatione
649 1599 748 1638 opus
766 1586 812 1625 iis
831 1585 892 1635 sit,
914 1585 984 1638 qui
1000 1585 1069 1623 ina
1086 1583 1128 1623 in
1147 1590 1270 1623 castra
1279 1593 1358 1620 non

231 1644 433 1677 venerunt.

277 1690 374 1729 XV.
405 1693 448 1731 N
450 1705 524 1731 unc
554 1694 704 1746 reliqua
733 1693 929 1733 attendite.
959 1694 988 1716 “
1008 1693 1171 1733 Victum
1202 1690 1355 1732 Cicero-

228 1756 320 1783 nem
338 1745 477 1784 ducem
503 1747 733 1786 habuistis.’'
762 1749 825 1788 Eo
849 1748 1033 1788 libentius
1058 1747 1198 1786 ducem
1227 1745 1358 1795 audio,

224 1798 330 1850 quod
351 1808 449 1839 certe
475 1801 541 1840 ille
564 1802 656 1841 dicit
677 1802 849 1842 invitus:
879 1815 972 1841 nam
991 1802 1039 1841 de
1064 1801 1163 1840 victo
1182 1799 1283 1838 nihil
1299 1800 1358 1839 la-

226 1854 320 1892 boro
335 1868 345 1892 :
376 1854 500 1894 fatum
523 1856 628 1895 enim
640 1869 774 1896 meum
789 1864 859 1904 est,
873 1857 953 1895 sine
966 1853 1162 1908 republica
1175 1867 1245 1893 nec
1256 1853 1361 1893 vinci

226 1920 350 1959 posse,
382 1921 452 1948 nec
470 1909 629 1949 vincere.
662 1914 689 1934 “
704 1911 978 1950 Macedoniam
1003 1910 1165 1948 munitis
1184 1908 1358 1948 exerciti-

226 1963 343 2001 bus.’'
372 1963 428 2002 Et
447 1964 605 2016 quidem
623 1965 731 2004 fratri
758 1974 840 2013 tuo,
862 1965 930 2018 qui
949 1979 973 2004 a
994 1963 1103 2003 vobis
1127 1963 1226 2002 nihil
1244 1962 1360 2015 dege-

225 2025 348 2065 nerat,
374 2019 615 2058 extorsimus.
647 2022 674 2042 “
688 2020 867 2059 Africam
896 2018 1139 2058 commisistis
1169 2018 1276 2058 Varo
1298 2017 1359 2056 bis

226 2072 379 2122 capto.’'
410 2072 491 2111 Hic
519 2086 609 2112 cum
639 2074 684 2113 C.
715 2075 833 2113 fratre
862 2080 976 2126 putat
999 2086 1040 2113 se
1068 2072 1230 2124 litigare.
1261 2073 1289 2094 “
1307 2069 1357 2110 In

228 2125 383 2177 Syriam
408 2127 588 2167 Cassium
617 2129 817 2168 misistis.’'
845 2129 941 2168 Non
963 2127 1082 2180 igitur
1113 2125 1245 2175 sentis,
1267 2124 1360 2165 huic

227 2192 351 2219 causae
382 2183 514 2220 orbem
547 2190 658 2223 terrae
693 2197 856 2236 parere3
896 2190 949 2232 te,
984 2188 1094 2221 extra
1121 2179 1358 2220 munitiones

227 2239 328 2283 tuas,
349 2235 555 2287 vestigium
574 2238 642 2278 ubi
671 2238 890 2290 imprimas,
909 2248 987 2278 non
1017 2237 1157 2276 habere
1169 2235 1188 2274 ’ἓ
1219 2235 1248 2260 “
1264 2233 1357 2275 Cas-
