<?xml version="1.0" encoding="UTF-8"?>
<!DOCTYPE html PUBLIC "-//W3C//DTD XHTML 1.0 Transitional//EN"
    "http://www.w3.org/TR/xhtml1/DTD/xhtml1-transitional.dtd">
<html xmlns="http://www.w3.org/1999/xhtml" xml:lang="en" lang="en">
 <head>
  <title>
</title>
<meta http-equiv="Content-Type" content="text/html;charset=utf-8" />
  <meta name='ocr-system' content='tesseract 3.04.00' />
  <meta name='ocr-capabilities' content='ocr_page ocr_carea ocr_par ocr_line ocrx_word'/>
</head>
<body>
  <div class='ocr_page' id='page_1' title='image "./operaern08ciceuoft_0108.png"; bbox 0 0 1509 2397; ppageno 0'>
   <div class='ocr_carea' id='block_1_1' title="bbox 267 103 1132 146">
    <p class='ocr_par' dir='ltr' id='par_1_1' title="bbox 267 103 1132 146">
     <span class='ocr_line' id='line_1_1' title="bbox 267 103 1132 146; baseline -0.003 -3"><span class='ocrx_word' id='word_1_1' title='bbox 267 107 319 144; x_wconf 72' lang='lat'><strong>94</strong></span> <span class='ocrx_word' id='word_1_2' title='bbox 510 106 625 146; x_wconf 87' lang='lat' dir='ltr'><strong>PRO</strong></span> <span class='ocrx_word' id='word_1_3' title='bbox 653 105 901 146; x_wconf 86' lang='lat' dir='ltr'><strong>MILONE.</strong></span> <span class='ocrx_word' id='word_1_4' title='bbox 931 104 1039 143; x_wconf 77' lang='lat' dir='ltr'><strong>CAP.</strong></span> <span class='ocrx_word' id='word_1_5' title='bbox 1072 103 1132 141; x_wconf 84' lang='lat'><strong>14.</strong></span> 
     </span>
    </p>
   </div>
   <div class='ocr_carea' id='block_1_2' title="bbox 268 206 1393 2258">
    <p class='ocr_par' dir='ltr' id='par_1_2' title="bbox 268 206 1391 859">
     <span class='ocr_line' id='line_1_2' title="bbox 268 206 1381 266; baseline -0.004 -16"><span class='ocrx_word' id='word_1_6' title='bbox 268 212 343 251; x_wconf 84' lang='lat' dir='ltr'><strong>fuit</strong></span> <span class='ocrx_word' id='word_1_7' title='bbox 360 213 462 252; x_wconf 85' lang='lat' dir='ltr'><strong>ultor</strong></span> <span class='ocrx_word' id='word_1_8' title='bbox 474 213 638 264; x_wconf 71' lang='lat' dir='ltr'><strong>injuriae,</strong></span> <span class='ocrx_word' id='word_1_9' title='bbox 657 214 814 266; x_wconf 79' lang='lat' dir='ltr'><strong>punitor</strong></span> <span class='ocrx_word' id='word_1_10' title='bbox 831 212 970 251; x_wconf 80' lang='lat' dir='ltr'><strong>doloris</strong></span> <span class='ocrx_word' id='word_1_11' title='bbox 981 211 1053 250; x_wconf 88' lang='lat' dir='ltr'><strong>sui.</strong></span> <span class='ocrx_word' id='word_1_12' title='bbox 1083 208 1222 257; x_wconf 83' lang='lat' dir='ltr'>Quid?</span> <span class='ocrx_word' id='word_1_13' title='bbox 1243 206 1381 255; x_wconf 62' lang='lat' dir='ltr'><strong>sibam,</strong></span> 
     </span>
     <span class='ocr_line' id='line_1_3' title="bbox 270 261 1383 318; baseline -0.005 -14"><span class='ocrx_word' id='word_1_14' title='bbox 270 279 348 304; x_wconf 92' lang='lat' dir='ltr'><strong>non</strong></span> <span class='ocrx_word' id='word_1_15' title='bbox 366 267 463 312; x_wconf 79' lang='lat' dir='ltr'><strong>dien,</strong></span> <span class='ocrx_word' id='word_1_16' title='bbox 482 270 628 318; x_wconf 86' lang='lat' dir='ltr'><strong>majora</strong></span> <span class='ocrx_word' id='word_1_17' title='bbox 642 268 796 306; x_wconf 86' lang='lat' dir='ltr'><strong>fuerunt</strong></span> <span class='ocrx_word' id='word_1_18' title='bbox 807 267 848 306; x_wconf 91' lang='lat' dir='ltr'><strong>in</strong></span> <span class='ocrx_word' id='word_1_19' title='bbox 860 266 1010 314; x_wconf 87' lang='lat' dir='ltr'><strong>Clodio,</strong></span> <span class='ocrx_word' id='word_1_20' title='bbox 1025 277 1144 317; x_wconf 88' lang='lat' dir='ltr'><strong>quam</strong></span> <span class='ocrx_word' id='word_1_21' title='bbox 1161 263 1203 300; x_wconf 91' lang='lat' dir='ltr'><strong>in</strong></span> <span class='ocrx_word' id='word_1_22' title='bbox 1217 261 1383 308; x_wconf 86' lang='lat' dir='ltr'><strong>Milone,</strong></span> 
     </span>
     <span class='ocr_line' id='line_1_4' title="bbox 271 316 1382 370; baseline -0.005 -12"><span class='ocrx_word' id='word_1_23' title='bbox 271 320 337 359; x_wconf 87' lang='lat' dir='ltr'><strong>sed</strong></span> <span class='ocrx_word' id='word_1_24' title='bbox 354 321 395 358; x_wconf 92' lang='lat' dir='ltr'><strong>in</strong></span> <span class='ocrx_word' id='word_1_25' title='bbox 417 321 483 360; x_wconf 89' lang='lat' dir='ltr'><strong>illo</strong></span> <span class='ocrx_word' id='word_1_26' title='bbox 515 323 700 370; x_wconf 83' lang='lat' dir='ltr'><strong>maxima,</strong></span> <span class='ocrx_word' id='word_1_27' title='bbox 725 322 833 360; x_wconf 81' lang='lat' dir='ltr'><strong>nulla</strong></span> <span class='ocrx_word' id='word_1_28' title='bbox 850 321 890 358; x_wconf 92' lang='lat' dir='ltr'><strong>in</strong></span> <span class='ocrx_word' id='word_1_29' title='bbox 919 321 1016 366; x_wconf 76' lang='lat' dir='ltr'><strong>hoc3</strong></span> <span class='ocrx_word' id='word_1_30' title='bbox 1047 318 1141 370; x_wconf 89' lang='lat' dir='ltr'><strong>quid</strong></span> <span class='ocrx_word' id='word_1_31' title='bbox 1158 316 1274 355; x_wconf 88' lang='lat' dir='ltr'><strong>vultis</strong></span> <span class='ocrx_word' id='word_1_32' title='bbox 1298 327 1382 352; x_wconf 86' lang='lat' dir='ltr'><strong>am-</strong></span> 
     </span>
     <span class='ocr_line' id='line_1_5' title="bbox 269 373 1390 427; baseline -0.005 -15"><span class='ocrx_word' id='word_1_33' title='bbox 269 375 372 427; x_wconf 89' lang='lat' dir='ltr'><strong>plius</strong></span> <span class='ocrx_word' id='word_1_34' title='bbox 385 376 403 412; x_wconf 85' lang='lat'><strong>?</strong></span> <span class='ocrx_word' id='word_1_35' title='bbox 433 375 540 424; x_wconf 88' lang='lat' dir='ltr'><strong>Quid</strong></span> <span class='ocrx_word' id='word_1_36' title='bbox 559 377 662 414; x_wconf 88' lang='lat' dir='ltr'><strong>enim</strong></span> <span class='ocrx_word' id='word_1_37' title='bbox 680 376 819 414; x_wconf 86' lang='lat' dir='ltr'><strong>odisset</strong></span> <span class='ocrx_word' id='word_1_38' title='bbox 833 374 1014 413; x_wconf 89' lang='lat' dir='ltr'><strong>Clodium</strong></span> <span class='ocrx_word' id='word_1_39' title='bbox 1032 373 1148 420; x_wconf 84' lang='lat' dir='ltr'><strong>Milo,</strong></span> <span class='ocrx_word' id='word_1_40' title='bbox 1162 377 1329 421; x_wconf 85' lang='lat' dir='ltr'><strong>segetem</strong></span> <span class='ocrx_word' id='word_1_41' title='bbox 1340 380 1390 412; x_wconf 65' lang='lat' dir='ltr'><strong>ac,</strong></span> 
     </span>
     <span class='ocr_line' id='line_1_6' title="bbox 270 424 1385 481; baseline -0.005 -15"><span class='ocrx_word' id='word_1_42' title='bbox 270 429 470 468; x_wconf 86' lang='lat' dir='ltr'><strong>materiam</strong></span> <span class='ocrx_word' id='word_1_43' title='bbox 500 443 578 468; x_wconf 87' lang='lat' dir='ltr'><strong>suae</strong></span> <span class='ocrx_word' id='word_1_44' title='bbox 602 430 746 481; x_wconf 86' lang='lat' dir='ltr'><strong>gloriae,</strong></span> <span class='ocrx_word' id='word_1_45' title='bbox 766 437 901 480; x_wconf 89' lang='lat' dir='ltr'><strong>praeter</strong></span> <span class='ocrx_word' id='word_1_46' title='bbox 918 429 990 467; x_wconf 91' lang='lat' dir='ltr'><strong>hoc</strong></span> <span class='ocrx_word' id='word_1_47' title='bbox 1009 427 1117 466; x_wconf 84' lang='lat' dir='ltr'><strong>civile</strong></span> <span class='ocrx_word' id='word_1_48' title='bbox 1139 424 1286 472; x_wconf 82' lang='lat' dir='ltr'><strong>odium,</strong></span> <span class='ocrx_word' id='word_1_49' title='bbox 1306 434 1385 474; x_wconf 89' lang='lat' dir='ltr'><strong>quo</strong></span> 
     </span>
     <span class='ocr_line' id='line_1_7' title="bbox 270 475 1386 535; baseline -0.004 -15"><span class='ocrx_word' id='word_1_50' title='bbox 270 495 401 521; x_wconf 90' lang='lat' dir='ltr'><strong>omnes</strong></span> <span class='ocrx_word' id='word_1_51' title='bbox 419 483 613 535; x_wconf 86' lang='lat' dir='ltr'><strong>improbos</strong></span> <span class='ocrx_word' id='word_1_52' title='bbox 632 483 812 522; x_wconf 83' lang='lat' dir='ltr'><strong>odimus?</strong></span> <span class='ocrx_word' id='word_1_53' title='bbox 844 483 931 529; x_wconf 83' lang='lat' dir='ltr'><strong>Ille,</strong></span> <span class='ocrx_word' id='word_1_54' title='bbox 952 489 1044 529; x_wconf 88' lang='lat' dir='ltr'><strong>erat,</strong></span> <span class='ocrx_word' id='word_1_55' title='bbox 1065 487 1109 518; x_wconf 92' lang='lat' dir='ltr'><strong>ut</strong></span> <span class='ocrx_word' id='word_1_56' title='bbox 1127 479 1280 525; x_wconf 88' lang='lat' dir='ltr'><strong>odisset,</strong></span> <span class='ocrx_word' id='word_1_57' title='bbox 1305 475 1386 528; x_wconf 85' lang='lat' dir='ltr'><strong>pri-</strong></span> 
     </span>
     <span class='ocr_line' id='line_1_8' title="bbox 270 534 1389 584; baseline -0.005 -11"><span class='ocrx_word' id='word_1_58' title='bbox 270 548 382 574; x_wconf 89' lang='lat' dir='ltr'><strong>mum</strong></span> <span class='ocrx_word' id='word_1_59' title='bbox 409 537 644 576; x_wconf 84' lang='lat' dir='ltr'><strong>defensorem</strong></span> <span class='ocrx_word' id='word_1_60' title='bbox 682 537 812 576; x_wconf 87' lang='lat' dir='ltr'><strong>salutis</strong></span> <span class='ocrx_word' id='word_1_61' title='bbox 849 549 959 584; x_wconf 87' lang='lat' dir='ltr'><strong>meae,</strong></span> <span class='ocrx_word' id='word_1_62' title='bbox 998 534 1134 573; x_wconf 82' lang='lat' dir='ltr'><strong>deinde</strong></span> <span class='ocrx_word' id='word_1_63' title='bbox 1166 538 1389 571; x_wconf 85' lang='lat' dir='ltr'><strong>vexatorem</strong></span> 
     </span>
     <span class='ocr_line' id='line_1_9' title="bbox 269 584 1390 640; baseline -0.004 -13"><span class='ocrx_word' id='word_1_64' title='bbox 269 589 421 639; x_wconf 82' lang='lat' dir='ltr'><strong>furoris,</strong></span> <span class='ocrx_word' id='word_1_65' title='bbox 438 592 663 630; x_wconf 84' lang='lat' dir='ltr'><strong>domitorem</strong></span> <span class='ocrx_word' id='word_1_66' title='bbox 678 603 872 630; x_wconf 86' lang='lat' dir='ltr'><strong>armorum</strong></span> <span class='ocrx_word' id='word_1_67' title='bbox 885 603 1056 637; x_wconf 83' lang='lat' dir='ltr'><strong>suorum,</strong></span> <span class='ocrx_word' id='word_1_68' title='bbox 1071 594 1262 640; x_wconf 90' lang='lat' dir='ltr'><strong>postremo</strong></span> <span class='ocrx_word' id='word_1_69' title='bbox 1273 584 1390 623; x_wconf 86' lang='lat' dir='ltr'><strong>etiam</strong></span> 
     </span>
     <span class='ocr_line' id='line_1_10' title="bbox 271 638 1389 692; baseline -0.004 -10"><span class='ocrx_word' id='word_1_70' title='bbox 271 652 525 684; x_wconf 85' lang='lat' dir='ltr'><strong>accusatorem</strong></span> <span class='ocrx_word' id='word_1_71' title='bbox 545 659 685 684; x_wconf 83' lang='lat' dir='ltr'><strong>suum:</strong></span> <span class='ocrx_word' id='word_1_72' title='bbox 716 658 802 683; x_wconf 89' lang='lat' dir='ltr'><strong>reus</strong></span> <span class='ocrx_word' id='word_1_73' title='bbox 822 645 926 683; x_wconf 86' lang='lat' dir='ltr'><strong>enim</strong></span> <span class='ocrx_word' id='word_1_74' title='bbox 945 644 1121 690; x_wconf 81' lang='lat' dir='ltr'><strong>Milonis,</strong></span> <span class='ocrx_word' id='word_1_75' title='bbox 1141 642 1226 692; x_wconf 88' lang='lat' dir='ltr'><strong>lege</strong></span> <span class='ocrx_word' id='word_1_76' title='bbox 1245 638 1389 685; x_wconf 60' lang='lat' dir='ltr'><strong>Plotia,</strong></span> 
     </span>
     <span class='ocr_line' id='line_1_11' title="bbox 269 692 1391 751; baseline -0.004 -16"><span class='ocrx_word' id='word_1_77' title='bbox 269 697 344 735; x_wconf 85' lang='lat' dir='ltr'><strong>fuit</strong></span> <span class='ocrx_word' id='word_1_78' title='bbox 371 699 544 746; x_wconf 79' lang='lat' dir='ltr'><strong>Clodius,</strong></span> <span class='ocrx_word' id='word_1_79' title='bbox 575 699 702 751; x_wconf 87' lang='lat' dir='ltr'><strong>quoad</strong></span> <span class='ocrx_word' id='word_1_80' title='bbox 720 699 827 736; x_wconf 77' lang='lat' dir='ltr'><strong>vixit.</strong></span> <span class='ocrx_word' id='word_1_81' title='bbox 858 700 949 746; x_wconf 82' lang='lat' dir='ltr'><strong>Quo</strong></span> <span class='ocrx_word' id='word_1_82' title='bbox 975 697 1130 735; x_wconf 86' lang='lat' dir='ltr'><strong>tandem</strong></span> <span class='ocrx_word' id='word_1_83' title='bbox 1156 695 1286 733; x_wconf 85' lang='lat' dir='ltr'><strong>animo</strong></span> <span class='ocrx_word' id='word_1_84' title='bbox 1315 692 1391 730; x_wconf 88' lang='lat' dir='ltr'><strong>hoc</strong></span> 
     </span>
     <span class='ocr_line' id='line_1_12' title="bbox 271 747 1386 803; baseline -0.006 -13"><span class='ocrx_word' id='word_1_85' title='bbox 271 759 477 802; x_wconf 81' lang='lat' dir='ltr'><strong>tyrannum</strong></span> <span class='ocrx_word' id='word_1_86' title='bbox 498 754 629 791; x_wconf 89' lang='lat' dir='ltr'><strong>tulisse</strong></span> <span class='ocrx_word' id='word_1_87' title='bbox 643 753 791 791; x_wconf 85' lang='lat' dir='ltr'><strong>creditis</strong></span> <span class='ocrx_word' id='word_1_88' title='bbox 808 755 825 791; x_wconf 65' lang='grc' dir='ltr'><strong>Ξ)</strong></span> <span class='ocrx_word' id='word_1_89' title='bbox 855 759 1046 803; x_wconf 87' lang='lat' dir='ltr'><strong>quantum</strong></span> <span class='ocrx_word' id='word_1_90' title='bbox 1057 750 1190 788; x_wconf 85' lang='lat' dir='ltr'><strong>odium</strong></span> <span class='ocrx_word' id='word_1_91' title='bbox 1202 747 1321 796; x_wconf 81' lang='lat' dir='ltr'><strong>iuius,</strong></span> <span class='ocrx_word' id='word_1_92' title='bbox 1334 752 1386 796; x_wconf 86' lang='lat' dir='ltr'><strong>et,</strong></span> 
     </span>
     <span class='ocr_line' id='line_1_13' title="bbox 271 804 1127 859; baseline -0.001 -17"><span class='ocrx_word' id='word_1_93' title='bbox 271 805 312 842; x_wconf 92' lang='lat' dir='ltr'><strong>in</strong></span> <span class='ocrx_word' id='word_1_94' title='bbox 330 806 485 845; x_wconf 88' lang='lat' dir='ltr'><strong>homine</strong></span> <span class='ocrx_word' id='word_1_95' title='bbox 505 808 660 856; x_wconf 89' lang='lat' dir='ltr'><strong>injusto,</strong></span> <span class='ocrx_word' id='word_1_96' title='bbox 681 820 798 859; x_wconf 88' lang='lat' dir='ltr'><strong>quam</strong></span> <span class='ocrx_word' id='word_1_97' title='bbox 818 807 933 844; x_wconf 87' lang='lat' dir='ltr'><strong>etiam</strong></span> <span class='ocrx_word' id='word_1_98' title='bbox 947 804 1127 855; x_wconf 76' lang='lat' dir='ltr'><strong>justum?</strong></span> 
     </span>
    </p>

    <p class='ocr_par' dir='ltr' id='par_1_3' title="bbox 268 853 1393 1560">
     <span class='ocr_line' id='line_1_14' title="bbox 326 853 1388 913; baseline -0.005 -16"><span class='ocrx_word' id='word_1_99' title='bbox 326 859 445 899; x_wconf 86' lang='lat' dir='ltr'>XIV.</span> <span class='ocrx_word' id='word_1_100' title='bbox 477 861 690 913; x_wconf 87' lang='lat' dir='ltr'><strong>Reliquum</strong></span> <span class='ocrx_word' id='word_1_101' title='bbox 713 868 780 908; x_wconf 88' lang='lat' dir='ltr'><strong>est,</strong></span> <span class='ocrx_word' id='word_1_102' title='bbox 805 867 850 898; x_wconf 90' lang='lat' dir='ltr'><strong>ut</strong></span> <span class='ocrx_word' id='word_1_103' title='bbox 871 861 954 910; x_wconf 90' lang='lat' dir='ltr'><strong>jam</strong></span> <span class='ocrx_word' id='word_1_104' title='bbox 975 860 1089 897; x_wconf 84' lang='lat' dir='ltr'><strong>illum</strong></span> <span class='ocrx_word' id='word_1_105' title='bbox 1107 864 1244 896; x_wconf 86' lang='lat' dir='ltr'><strong>natura</strong></span> <span class='ocrx_word' id='word_1_106' title='bbox 1267 853 1388 906; x_wconf 88' lang='lat' dir='ltr'><strong>ipsius</strong></span> 
     </span>
     <span class='ocr_line' id='line_1_15' title="bbox 273 908 1388 967; baseline -0.005 -15"><span class='ocrx_word' id='word_1_107' title='bbox 273 915 583 967; x_wconf 72' lang='lat' dir='ltr'><strong>consuetudoque</strong></span> <span class='ocrx_word' id='word_1_108' title='bbox 610 915 804 963; x_wconf 86' lang='lat' dir='ltr'><strong>defendat,</strong></span> <span class='ocrx_word' id='word_1_109' title='bbox 835 914 939 952; x_wconf 87' lang='lat' dir='ltr'><strong>hunc</strong></span> <span class='ocrx_word' id='word_1_110' title='bbox 975 920 1104 951; x_wconf 85' lang='lat' dir='ltr'><strong>autem</strong></span> <span class='ocrx_word' id='word_1_111' title='bbox 1140 911 1223 950; x_wconf 86' lang='lat' dir='ltr'><strong>haec</strong></span> <span class='ocrx_word' id='word_1_112' title='bbox 1254 908 1388 948; x_wconf 82' lang='lat' dir='ltr'><strong>eadem</strong></span> 
     </span>
     <span class='ocr_line' id='line_1_16' title="bbox 273 963 1389 1020; baseline -0.004 -15"><span class='ocrx_word' id='word_1_113' title='bbox 273 976 490 1018; x_wconf 83' lang='lat' dir='ltr'><strong>coarguant.</strong></span> <span class='ocrx_word' id='word_1_114' title='bbox 521 969 634 1007; x_wconf 86' lang='lat' dir='ltr'><strong>Nihil</strong></span> <span class='ocrx_word' id='word_1_115' title='bbox 664 982 730 1020; x_wconf 88' lang='lat' dir='ltr'><strong>per</strong></span> <span class='ocrx_word' id='word_1_116' title='bbox 753 969 832 1007; x_wconf 87' lang='lat' dir='ltr'><strong>vim</strong></span> <span class='ocrx_word' id='word_1_117' title='bbox 860 980 1032 1019; x_wconf 89' lang='lat' dir='ltr'><strong>unquam</strong></span> <span class='ocrx_word' id='word_1_118' title='bbox 1056 966 1227 1014; x_wconf 86' lang='lat' dir='ltr'><strong>Clodius,</strong></span> <span class='ocrx_word' id='word_1_119' title='bbox 1257 963 1389 1004; x_wconf 89' lang='lat' dir='ltr'><strong>omnia</strong></span> 
     </span>
     <span class='ocr_line' id='line_1_17' title="bbox 270 1017 1390 1074; baseline -0.003 -15"><span class='ocrx_word' id='word_1_120' title='bbox 270 1034 339 1072; x_wconf 87' lang='lat' dir='ltr'><strong>per</strong></span> <span class='ocrx_word' id='word_1_121' title='bbox 357 1021 437 1060; x_wconf 88' lang='lat' dir='ltr'><strong>vim</strong></span> <span class='ocrx_word' id='word_1_122' title='bbox 463 1023 577 1061; x_wconf 78' lang='lat' dir='ltr'><strong>Milo.</strong></span> <span class='ocrx_word' id='word_1_123' title='bbox 608 1023 716 1071; x_wconf 87' lang='lat' dir='ltr'><strong>Quid</strong></span> <span class='ocrx_word' id='word_1_124' title='bbox 741 1035 843 1074; x_wconf 88' lang='lat' dir='ltr'><strong>ergo,</strong></span> <span class='ocrx_word' id='word_1_125' title='bbox 864 1022 1040 1071; x_wconf 81' lang='lat' dir='ltr'><strong>judices?</strong></span> <span class='ocrx_word' id='word_1_126' title='bbox 1071 1033 1174 1067; x_wconf 88' lang='lat' dir='ltr'><strong>cum,</strong></span> <span class='ocrx_word' id='word_1_127' title='bbox 1197 1017 1390 1058; x_wconf 80' lang='lat' dir='ltr'><strong>moerenti-</strong></span> 
     </span>
     <span class='ocr_line' id='line_1_18' title="bbox 270 1074 1391 1126; baseline -0.002 -14"><span class='ocrx_word' id='word_1_128' title='bbox 270 1076 345 1113; x_wconf 90' lang='lat' dir='ltr'><strong>bus</strong></span> <span class='ocrx_word' id='word_1_129' title='bbox 366 1076 485 1125; x_wconf 87' lang='lat' dir='ltr'><strong>vobis,</strong></span> <span class='ocrx_word' id='word_1_130' title='bbox 514 1078 620 1115; x_wconf 86' lang='lat' dir='ltr'><strong>Urbe</strong></span> <span class='ocrx_word' id='word_1_131' title='bbox 638 1077 744 1125; x_wconf 85' lang='lat' dir='ltr'><strong>cessi,</strong></span> <span class='ocrx_word' id='word_1_132' title='bbox 773 1076 1013 1126; x_wconf 83' lang='lat' dir='ltr'><strong>judiciumne</strong></span> <span class='ocrx_word' id='word_1_133' title='bbox 1030 1074 1176 1113; x_wconf 80' lang='lat' dir='ltr'><strong>timui?</strong></span> <span class='ocrx_word' id='word_1_134' title='bbox 1206 1085 1283 1112; x_wconf 90' lang='lat' dir='ltr'><strong>non</strong></span> <span class='ocrx_word' id='word_1_135' title='bbox 1313 1084 1391 1111; x_wconf 88' lang='lat' dir='ltr'><strong>ser-</strong></span> 
     </span>
     <span class='ocr_line' id='line_1_19' title="bbox 271 1127 1390 1180; baseline -0.003 -13"><span class='ocrx_word' id='word_1_136' title='bbox 271 1142 351 1177; x_wconf 85' lang='lat' dir='ltr'><strong>vos,</strong></span> <span class='ocrx_word' id='word_1_137' title='bbox 372 1142 451 1168; x_wconf 89' lang='lat' dir='ltr'><strong>non</strong></span> <span class='ocrx_word' id='word_1_138' title='bbox 477 1144 597 1178; x_wconf 86' lang='lat' dir='ltr'><strong>arma,</strong></span> <span class='ocrx_word' id='word_1_139' title='bbox 618 1143 696 1169; x_wconf 90' lang='lat' dir='ltr'><strong>non</strong></span> <span class='ocrx_word' id='word_1_140' title='bbox 718 1131 797 1169; x_wconf 89' lang='lat' dir='ltr'><strong>vim</strong></span> <span class='ocrx_word' id='word_1_141' title='bbox 811 1130 829 1167; x_wconf 85' lang='lat'><strong>?</strong></span> <span class='ocrx_word' id='word_1_142' title='bbox 858 1129 961 1177; x_wconf 87' lang='lat' dir='ltr'><strong>Quae</strong></span> <span class='ocrx_word' id='word_1_143' title='bbox 981 1129 1114 1167; x_wconf 80' lang='lat' dir='ltr'><strong>fuisset</strong></span> <span class='ocrx_word' id='word_1_144' title='bbox 1137 1127 1255 1180; x_wconf 84' lang='lat' dir='ltr'><strong>igitur</strong></span> <span class='ocrx_word' id='word_1_145' title='bbox 1276 1139 1390 1166; x_wconf 85' lang='lat' dir='ltr'><strong>causa</strong></span> 
     </span>
     <span class='ocr_line' id='line_1_20' title="bbox 268 1180 1390 1234; baseline -0.004 -13"><span class='ocrx_word' id='word_1_146' title='bbox 268 1184 373 1234; x_wconf 86' lang='lat' dir='ltr'><strong>justa</strong></span> <span class='ocrx_word' id='word_1_147' title='bbox 402 1184 626 1223; x_wconf 86' lang='lat' dir='ltr'><strong>restituendi</strong></span> <span class='ocrx_word' id='word_1_148' title='bbox 650 1185 740 1232; x_wconf 86' lang='lat' dir='ltr'><strong>mei,</strong></span> <span class='ocrx_word' id='word_1_149' title='bbox 765 1184 837 1223; x_wconf 84' lang='lat' dir='ltr'><strong>nisi</strong></span> <span class='ocrx_word' id='word_1_150' title='bbox 861 1184 995 1222; x_wconf 86' lang='lat' dir='ltr'><strong>fuisset</strong></span> <span class='ocrx_word' id='word_1_151' title='bbox 1022 1182 1165 1232; x_wconf 84' lang='lat' dir='ltr'><strong>injusta</strong></span> <span class='ocrx_word' id='word_1_152' title='bbox 1183 1180 1390 1231; x_wconf 80' lang='lat' dir='ltr'><strong>ejiciendi?</strong></span> 
     </span>
     <span class='ocr_line' id='line_1_21' title="bbox 273 1236 1393 1287; baseline -0.003 -12"><span class='ocrx_word' id='word_1_153' title='bbox 273 1237 392 1275; x_wconf 88' lang='lat' dir='ltr'><strong>Diem</strong></span> <span class='ocrx_word' id='word_1_154' title='bbox 411 1238 508 1276; x_wconf 89' lang='lat' dir='ltr'><strong>mihi</strong></span> <span class='ocrx_word' id='word_1_155' title='bbox 528 1239 673 1286; x_wconf 89' lang='lat' dir='ltr'><strong>(credo)</strong></span> <span class='ocrx_word' id='word_1_156' title='bbox 693 1239 863 1277; x_wconf 78' lang='lat' dir='ltr'><strong>dixerat:</strong></span> <span class='ocrx_word' id='word_1_157' title='bbox 893 1237 1059 1275; x_wconf 84' lang='lat' dir='ltr'><strong>multam</strong></span> <span class='ocrx_word' id='word_1_158' title='bbox 1089 1236 1297 1287; x_wconf 59' lang='lat' dir='ltr'><strong>irrogarat:</strong></span> <span class='ocrx_word' id='word_1_159' title='bbox 1328 1247 1393 1287; x_wconf 47' lang='lat' dir='ltr'><strong>aeq</strong></span> 
     </span>
     <span class='ocr_line' id='line_1_22' title="bbox 269 1288 1389 1343; baseline -0.002 -15"><span class='ocrx_word' id='word_1_160' title='bbox 269 1291 413 1329; x_wconf 87' lang='lat' dir='ltr'><strong>tionem</strong></span> <span class='ocrx_word' id='word_1_161' title='bbox 428 1292 697 1343; x_wconf 82' lang='lat' dir='ltr'><strong>perduellionis</strong></span> <span class='ocrx_word' id='word_1_162' title='bbox 716 1292 954 1330; x_wconf 83' lang='lat' dir='ltr'><strong>intenderat:</strong></span> <span class='ocrx_word' id='word_1_163' title='bbox 976 1299 1014 1329; x_wconf 91' lang='lat' dir='ltr'><strong>et</strong></span> <span class='ocrx_word' id='word_1_164' title='bbox 1025 1290 1122 1328; x_wconf 90' lang='lat' dir='ltr'><strong>mihi</strong></span> <span class='ocrx_word' id='word_1_165' title='bbox 1140 1289 1326 1336; x_wconf 87' lang='lat' dir='ltr'><strong>videlicet,</strong></span> <span class='ocrx_word' id='word_1_166' title='bbox 1346 1288 1389 1326; x_wconf 90' lang='lat' dir='ltr'><strong>in</strong></span> 
     </span>
     <span class='ocr_line' id='line_1_23' title="bbox 272 1342 1391 1396; baseline -0.003 -13"><span class='ocrx_word' id='word_1_167' title='bbox 272 1346 386 1383; x_wconf 68' lang='lat' dir='ltr'><strong>causa</strong></span> <span class='ocrx_word' id='word_1_168' title='bbox 415 1354 483 1384; x_wconf 89' lang='lat' dir='ltr'><strong>aut</strong></span> <span class='ocrx_word' id='word_1_169' title='bbox 513 1347 617 1384; x_wconf 65' lang='lat' dir='ltr'><strong>mala</strong></span> <span class='ocrx_word' id='word_1_170' title='bbox 646 1354 713 1385; x_wconf 90' lang='lat' dir='ltr'><strong>aut</strong></span> <span class='ocrx_word' id='word_1_171' title='bbox 738 1347 844 1394; x_wconf 60' lang='lat' dir='ltr'><strong>mea,</strong></span> <span class='ocrx_word' id='word_1_172' title='bbox 871 1358 948 1384; x_wconf 90' lang='lat' dir='ltr'><strong>non</strong></span> <span class='ocrx_word' id='word_1_173' title='bbox 974 1353 1012 1383; x_wconf 89' lang='lat' dir='ltr'><strong>et</strong></span> <span class='ocrx_word' id='word_1_174' title='bbox 1035 1342 1324 1396; x_wconf 63' lang='lat' dir='ltr'><strong>praeclarissima</strong></span> <span class='ocrx_word' id='word_1_175' title='bbox 1352 1349 1391 1381; x_wconf 88' lang='lat' dir='ltr'><strong>et</strong></span> 
     </span>
     <span class='ocr_line' id='line_1_24' title="bbox 273 1400 1391 1449; baseline -0.002 -13"><span class='ocrx_word' id='word_1_176' title='bbox 273 1400 411 1448; x_wconf 57' lang='lat' dir='ltr'><strong>vestra,</strong></span> <span class='ocrx_word' id='word_1_177' title='bbox 429 1400 619 1449; x_wconf 85' lang='lat' dir='ltr'><strong>judicium</strong></span> <span class='ocrx_word' id='word_1_178' title='bbox 642 1401 857 1438; x_wconf 88' lang='lat' dir='ltr'><strong>timendum</strong></span> <span class='ocrx_word' id='word_1_179' title='bbox 878 1400 963 1438; x_wconf 85' lang='lat' dir='ltr'><strong>fuit.</strong></span> <span class='ocrx_word' id='word_1_180' title='bbox 994 1400 1198 1438; x_wconf 82' lang='lat' dir='ltr'><strong>Servorum</strong></span> <span class='ocrx_word' id='word_1_181' title='bbox 1220 1404 1258 1436; x_wconf 89' lang='lat' dir='ltr'><strong>et</strong></span> <span class='ocrx_word' id='word_1_182' title='bbox 1275 1409 1391 1448; x_wconf 90' lang='lat' dir='ltr'><strong>egen-</strong></span> 
     </span>
     <span class='ocr_line' id='line_1_25' title="bbox 271 1450 1391 1498; baseline -0.002 -8"><span class='ocrx_word' id='word_1_183' title='bbox 271 1453 371 1491; x_wconf 78' lang='lat' dir='ltr'><strong>tium</strong></span> <span class='ocrx_word' id='word_1_184' title='bbox 391 1454 532 1492; x_wconf 85' lang='lat' dir='ltr'><strong>civium</strong></span> <span class='ocrx_word' id='word_1_185' title='bbox 553 1462 589 1493; x_wconf 86' lang='lat' dir='ltr'><strong>et</strong></span> <span class='ocrx_word' id='word_1_186' title='bbox 607 1455 903 1493; x_wconf 90' lang='lat' dir='ltr'><strong>facinorosorum</strong></span> <span class='ocrx_word' id='word_1_187' title='bbox 916 1453 1031 1492; x_wconf 88' lang='lat' dir='ltr'><strong>armis</strong></span> <span class='ocrx_word' id='word_1_188' title='bbox 1045 1465 1150 1491; x_wconf 90' lang='lat' dir='ltr'><strong>meos</strong></span> <span class='ocrx_word' id='word_1_189' title='bbox 1169 1451 1281 1498; x_wconf 85' lang='lat' dir='ltr'><strong>cives,</strong></span> <span class='ocrx_word' id='word_1_190' title='bbox 1293 1450 1391 1498; x_wconf 82' lang='lat' dir='ltr'><strong>meis</strong></span> 
     </span>
     <span class='ocr_line' id='line_1_26' title="bbox 271 1504 1344 1560; baseline -0.002 -16"><span class='ocrx_word' id='word_1_191' title='bbox 271 1508 437 1546; x_wconf 87' lang='lat' dir='ltr'><strong>consiliis</strong></span> <span class='ocrx_word' id='word_1_192' title='bbox 455 1509 708 1560; x_wconf 86' lang='lat' dir='ltr'><strong>periculisque</strong></span> <span class='ocrx_word' id='word_1_193' title='bbox 727 1517 904 1556; x_wconf 89' lang='lat' dir='ltr'><strong>servatos,</strong></span> <span class='ocrx_word' id='word_1_194' title='bbox 923 1520 993 1559; x_wconf 89' lang='lat' dir='ltr'><strong>pro</strong></span> <span class='ocrx_word' id='word_1_195' title='bbox 1010 1520 1074 1545; x_wconf 92' lang='lat' dir='ltr'><strong>me</strong></span> <span class='ocrx_word' id='word_1_196' title='bbox 1092 1506 1206 1555; x_wconf 87' lang='lat' dir='ltr'><strong>objici</strong></span> <span class='ocrx_word' id='word_1_197' title='bbox 1224 1504 1344 1543; x_wconf 88' lang='lat' dir='ltr'><strong>nolui.</strong></span> 
     </span>
    </p>

    <p class='ocr_par' dir='ltr' id='par_1_4' title="bbox 270 1558 1392 2205">
     <span class='ocr_line' id='line_1_27' title="bbox 327 1558 1392 1614; baseline -0.004 -14"><span class='ocrx_word' id='word_1_198' title='bbox 327 1561 422 1600; x_wconf 91' lang='lat' dir='ltr'><strong>Vidi</strong></span> <span class='ocrx_word' id='word_1_199' title='bbox 441 1563 558 1609; x_wconf 89' lang='lat' dir='ltr'><strong>enim,</strong></span> <span class='ocrx_word' id='word_1_200' title='bbox 579 1563 671 1611; x_wconf 89' lang='lat' dir='ltr'><strong>vidi,</strong></span> <span class='ocrx_word' id='word_1_201' title='bbox 692 1563 796 1601; x_wconf 91' lang='lat' dir='ltr'><strong>hunc</strong></span> <span class='ocrx_word' id='word_1_202' title='bbox 820 1563 949 1614; x_wconf 86' lang='lat' dir='ltr'><strong>ipsum</strong></span> <span class='ocrx_word' id='word_1_203' title='bbox 971 1561 1023 1609; x_wconf 87' lang='lat' dir='ltr'><strong>Q.</strong></span> <span class='ocrx_word' id='word_1_204' title='bbox 1045 1559 1313 1607; x_wconf 88' lang='lat' dir='ltr'><strong>Hortensium,</strong></span> <span class='ocrx_word' id='word_1_205' title='bbox 1328 1558 1392 1596; x_wconf 92' lang='lat' dir='ltr'><strong>lu-</strong></span> 
     </span>
     <span class='ocr_line' id='line_1_28' title="bbox 272 1612 1392 1668; baseline -0.003 -16"><span class='ocrx_word' id='word_1_206' title='bbox 272 1627 362 1652; x_wconf 90' lang='lat' dir='ltr'><strong>men</strong></span> <span class='ocrx_word' id='word_1_207' title='bbox 383 1623 420 1653; x_wconf 87' lang='lat' dir='ltr'><strong>et</strong></span> <span class='ocrx_word' id='word_1_208' title='bbox 445 1625 714 1654; x_wconf 82' lang='lat' dir='ltr'><strong>ornamentum</strong></span> <span class='ocrx_word' id='word_1_209' title='bbox 740 1616 972 1668; x_wconf 67' lang='lat' dir='ltr'><strong>reipublicae,</strong></span> <span class='ocrx_word' id='word_1_210' title='bbox 993 1627 1101 1666; x_wconf 87' lang='lat' dir='ltr'><strong>paene</strong></span> <span class='ocrx_word' id='word_1_211' title='bbox 1130 1612 1291 1651; x_wconf 85' lang='lat' dir='ltr'><strong>interfici</strong></span> <span class='ocrx_word' id='word_1_212' title='bbox 1315 1625 1392 1650; x_wconf 87' lang='lat' dir='ltr'><strong>ser-</strong></span> 
     </span>
     <span class='ocr_line' id='line_1_29' title="bbox 273 1666 1390 1720; baseline -0.002 -15"><span class='ocrx_word' id='word_1_213' title='bbox 273 1681 410 1706; x_wconf 88' lang='lat' dir='ltr'><strong>vorum</strong></span> <span class='ocrx_word' id='word_1_214' title='bbox 428 1682 562 1717; x_wconf 88' lang='lat' dir='ltr'><strong>manu,</strong></span> <span class='ocrx_word' id='word_1_215' title='bbox 588 1683 676 1708; x_wconf 91' lang='lat' dir='ltr'><strong>cum</strong></span> <span class='ocrx_word' id='word_1_216' title='bbox 706 1670 804 1708; x_wconf 87' lang='lat' dir='ltr'><strong>mihi</strong></span> <span class='ocrx_word' id='word_1_217' title='bbox 826 1670 972 1708; x_wconf 86' lang='lat' dir='ltr'><strong>adesset</strong></span> <span class='ocrx_word' id='word_1_218' title='bbox 992 1684 1002 1706; x_wconf 69' lang='grc' dir='ltr'><strong><em>ε</em></strong></span> <span class='ocrx_word' id='word_1_219' title='bbox 1034 1668 1113 1720; x_wconf 71' lang='lat' dir='ltr'><strong>qua</strong></span> <span class='ocrx_word' id='word_1_220' title='bbox 1136 1667 1177 1705; x_wconf 92' lang='lat' dir='ltr'><strong>in</strong></span> <span class='ocrx_word' id='word_1_221' title='bbox 1203 1666 1318 1704; x_wconf 66' lang='lat' dir='ltr'><strong>turba</strong></span> <span class='ocrx_word' id='word_1_222' title='bbox 1343 1666 1390 1704; x_wconf 87' lang='lat' dir='ltr'><strong>C.</strong></span> 
     </span>
     <span class='ocr_line' id='line_1_30' title="bbox 273 1721 1392 1775; baseline -0.001 -16"><span class='ocrx_word' id='word_1_223' title='bbox 273 1721 478 1771; x_wconf 78' lang='lat' dir='ltr'><strong>Vibienus,</strong></span> <span class='ocrx_word' id='word_1_224' title='bbox 499 1732 661 1770; x_wconf 80' lang='lat' dir='ltr'><strong>senator,</strong></span> <span class='ocrx_word' id='word_1_225' title='bbox 688 1724 745 1761; x_wconf 60' lang='grc' dir='ltr'><strong>ἡκ</strong></span> <span class='ocrx_word' id='word_1_226' title='bbox 769 1724 951 1775; x_wconf 89' lang='lat' dir='ltr'><strong>optimus,</strong></span> <span class='ocrx_word' id='word_1_227' title='bbox 976 1734 1063 1760; x_wconf 89' lang='lat' dir='ltr'><strong>cum</strong></span> <span class='ocrx_word' id='word_1_228' title='bbox 1089 1721 1162 1760; x_wconf 85' lang='lat' dir='ltr'><strong>hoc</strong></span> <span class='ocrx_word' id='word_1_229' title='bbox 1187 1733 1275 1759; x_wconf 89' lang='lat' dir='ltr'><strong>cum</strong></span> <span class='ocrx_word' id='word_1_230' title='bbox 1295 1726 1392 1758; x_wconf 87' lang='lat' dir='ltr'><strong>esset</strong></span> 
     </span>
     <span class='ocr_line' id='line_1_31' title="bbox 273 1775 1390 1825; baseline -0.002 -12"><span class='ocrx_word' id='word_1_231' title='bbox 273 1776 366 1822; x_wconf 65' lang='lat' dir='ltr'><strong>una,</strong></span> <span class='ocrx_word' id='word_1_232' title='bbox 400 1776 454 1814; x_wconf 85' lang='lat' dir='ltr'><strong>ita</strong></span> <span class='ocrx_word' id='word_1_233' title='bbox 483 1785 539 1815; x_wconf 89' lang='lat' dir='ltr'><strong>est</strong></span> <span class='ocrx_word' id='word_1_234' title='bbox 567 1778 768 1825; x_wconf 85' lang='lat' dir='ltr'><strong>multatus,</strong></span> <span class='ocrx_word' id='word_1_235' title='bbox 799 1784 844 1815; x_wconf 92' lang='lat' dir='ltr'><strong>ut</strong></span> <span class='ocrx_word' id='word_1_236' title='bbox 873 1777 992 1815; x_wconf 88' lang='lat' dir='ltr'><strong>vitam</strong></span> <span class='ocrx_word' id='word_1_237' title='bbox 1021 1775 1200 1813; x_wconf 84' lang='lat' dir='ltr'><strong>amiserit.</strong></span> <span class='ocrx_word' id='word_1_238' title='bbox 1237 1775 1390 1825; x_wconf 79' lang='lat' dir='ltr'><strong>Itaque,</strong></span> 
     </span>
     <span class='ocr_line' id='line_1_32' title="bbox 273 1828 1391 1882; baseline -0.003 -14"><span class='ocrx_word' id='word_1_239' title='bbox 273 1829 429 1881; x_wconf 85' lang='lat' dir='ltr'><strong>quando</strong></span> <span class='ocrx_word' id='word_1_240' title='bbox 447 1831 550 1868; x_wconf 89' lang='lat' dir='ltr'><strong>illius</strong></span> <span class='ocrx_word' id='word_1_241' title='bbox 570 1839 699 1882; x_wconf 87' lang='lat' dir='ltr'><strong>postea</strong></span> <span class='ocrx_word' id='word_1_242' title='bbox 718 1831 794 1870; x_wconf 88' lang='lat' dir='ltr'><strong>sica</strong></span> <span class='ocrx_word' id='word_1_243' title='bbox 818 1832 899 1878; x_wconf 87' lang='lat' dir='ltr'><strong>illa,</strong></span> <span class='ocrx_word' id='word_1_244' title='bbox 921 1842 1039 1882; x_wconf 88' lang='lat' dir='ltr'><strong>quam</strong></span> <span class='ocrx_word' id='word_1_245' title='bbox 1059 1843 1082 1867; x_wconf 90' lang='lat' dir='ltr'><strong>a</strong></span> <span class='ocrx_word' id='word_1_246' title='bbox 1100 1828 1268 1868; x_wconf 63' lang='lat' dir='ltr'><strong>Catilina</strong></span> <span class='ocrx_word' id='word_1_247' title='bbox 1286 1840 1391 1866; x_wconf 82' lang='lat' dir='ltr'><strong>acce-</strong></span> 
     </span>
     <span class='ocr_line' id='line_1_33' title="bbox 272 1881 1391 1935; baseline -0.003 -13"><span class='ocrx_word' id='word_1_248' title='bbox 272 1891 394 1935; x_wconf 82' lang='lat' dir='ltr'><strong>perat,</strong></span> <span class='ocrx_word' id='word_1_249' title='bbox 428 1885 644 1935; x_wconf 85' lang='lat' dir='ltr'><strong>conquievit</strong></span> <span class='ocrx_word' id='word_1_250' title='bbox 658 1885 676 1921; x_wconf 77' lang='lat'>?</span> <span class='ocrx_word' id='word_1_251' title='bbox 706 1885 803 1923; x_wconf 87' lang='lat' dir='ltr'><strong>Haec</strong></span> <span class='ocrx_word' id='word_1_252' title='bbox 831 1885 1019 1923; x_wconf 86' lang='lat' dir='ltr'><strong>intentata</strong></span> <span class='ocrx_word' id='word_1_253' title='bbox 1050 1883 1160 1921; x_wconf 90' lang='lat' dir='ltr'><strong>nobis</strong></span> <span class='ocrx_word' id='word_1_254' title='bbox 1188 1890 1243 1921; x_wconf 92' lang='lat' dir='ltr'><strong>est</strong></span> <span class='ocrx_word' id='word_1_255' title='bbox 1258 1896 1270 1920; x_wconf 77' lang='lat' dir='ltr'><strong><em>z</em></strong></span> <span class='ocrx_word' id='word_1_256' title='bbox 1300 1881 1391 1920; x_wconf 88' lang='lat' dir='ltr'><strong>huic</strong></span> 
     </span>
     <span class='ocr_line' id='line_1_34' title="bbox 271 1935 1391 1990; baseline -0.002 -15"><span class='ocrx_word' id='word_1_257' title='bbox 271 1950 343 1988; x_wconf 89' lang='lat' dir='ltr'><strong>ego</strong></span> <span class='ocrx_word' id='word_1_258' title='bbox 358 1951 422 1976; x_wconf 87' lang='lat' dir='ltr'><strong>vos</strong></span> <span class='ocrx_word' id='word_1_259' title='bbox 441 1939 554 1988; x_wconf 85' lang='lat' dir='ltr'><strong>objici</strong></span> <span class='ocrx_word' id='word_1_260' title='bbox 572 1952 640 1990; x_wconf 86' lang='lat' dir='ltr'><strong>pro</strong></span> <span class='ocrx_word' id='word_1_261' title='bbox 652 1952 715 1976; x_wconf 90' lang='lat' dir='ltr'><strong>me</strong></span> <span class='ocrx_word' id='word_1_262' title='bbox 729 1951 806 1976; x_wconf 91' lang='lat' dir='ltr'><strong>non</strong></span> <span class='ocrx_word' id='word_1_263' title='bbox 821 1952 907 1977; x_wconf 89' lang='lat' dir='ltr'><strong>sum</strong></span> <span class='ocrx_word' id='word_1_264' title='bbox 926 1951 1084 1990; x_wconf 76' lang='lat' dir='ltr'><strong>passusz</strong></span> <span class='ocrx_word' id='word_1_265' title='bbox 1114 1937 1196 1975; x_wconf 83' lang='lat' dir='ltr'><strong>haec</strong></span> <span class='ocrx_word' id='word_1_266' title='bbox 1212 1935 1391 1974; x_wconf 80' lang='lat' dir='ltr'><strong>insidiata</strong></span> 
     </span>
     <span class='ocr_line' id='line_1_35' title="bbox 274 1988 1391 2044; baseline -0.002 -15"><span class='ocrx_word' id='word_1_267' title='bbox 274 1991 459 2043; x_wconf 85' lang='lat' dir='ltr'><strong>Pompeio</strong></span> <span class='ocrx_word' id='word_1_268' title='bbox 478 1999 557 2030; x_wconf 59' lang='lat' dir='ltr'><strong>est:</strong></span> <span class='ocrx_word' id='word_1_269' title='bbox 591 1992 672 2030; x_wconf 81' lang='lat' dir='ltr'><strong>haec</strong></span> <span class='ocrx_word' id='word_1_270' title='bbox 691 1993 803 2030; x_wconf 81' lang='lat' dir='ltr'><strong>istam</strong></span> <span class='ocrx_word' id='word_1_271' title='bbox 817 1993 1007 2044; x_wconf 87' lang='lat' dir='ltr'><strong>Appiam,</strong></span> <span class='ocrx_word' id='word_1_272' title='bbox 1028 1990 1309 2029; x_wconf 88' lang='lat' dir='ltr'><strong>monimentum</strong></span> <span class='ocrx_word' id='word_1_273' title='bbox 1328 1988 1391 2027; x_wconf 80' lang='lat' dir='ltr'><strong>sui</strong></span> 
     </span>
     <span class='ocr_line' id='line_1_36' title="bbox 271 2043 1388 2098; baseline -0.002 -15"><span class='ocrx_word' id='word_1_274' title='bbox 271 2046 453 2094; x_wconf 84' lang='lat' dir='ltr'><strong>nominis,</strong></span> <span class='ocrx_word' id='word_1_275' title='bbox 480 2059 569 2084; x_wconf 91' lang='lat' dir='ltr'><strong>nece</strong></span> <span class='ocrx_word' id='word_1_276' title='bbox 589 2046 735 2098; x_wconf 85' lang='lat' dir='ltr'><strong>Papirii</strong></span> <span class='ocrx_word' id='word_1_277' title='bbox 754 2046 987 2085; x_wconf 85' lang='lat' dir='ltr'><strong>cruentavit:</strong></span> <span class='ocrx_word' id='word_1_278' title='bbox 1018 2046 1113 2089; x_wconf 83' lang='lat' dir='ltr'><strong>haec,</strong></span> <span class='ocrx_word' id='word_1_279' title='bbox 1134 2045 1216 2083; x_wconf 86' lang='lat' dir='ltr'><strong>haec</strong></span> <span class='ocrx_word' id='word_1_280' title='bbox 1238 2043 1388 2091; x_wconf 88' lang='lat' dir='ltr'><strong>eadem,</strong></span> 
     </span>
     <span class='ocr_line' id='line_1_37' title="bbox 270 2099 1389 2151; baseline -0.002 -14"><span class='ocrx_word' id='word_1_281' title='bbox 270 2099 386 2151; x_wconf 91' lang='lat' dir='ltr'><strong>longo</strong></span> <span class='ocrx_word' id='word_1_282' title='bbox 414 2100 626 2148; x_wconf 86' lang='lat' dir='ltr'><strong>intervallo,</strong></span> <span class='ocrx_word' id='word_1_283' title='bbox 653 2113 832 2139; x_wconf 88' lang='lat' dir='ltr'><strong>conversa</strong></span> <span class='ocrx_word' id='word_1_284' title='bbox 854 2113 984 2138; x_wconf 89' lang='lat' dir='ltr'><strong>rursus</strong></span> <span class='ocrx_word' id='word_1_285' title='bbox 1006 2106 1062 2137; x_wconf 89' lang='lat' dir='ltr'><strong>est</strong></span> <span class='ocrx_word' id='word_1_286' title='bbox 1084 2099 1124 2137; x_wconf 90' lang='lat' dir='ltr'><strong>in</strong></span> <span class='ocrx_word' id='word_1_287' title='bbox 1148 2111 1235 2136; x_wconf 89' lang='lat' dir='ltr'><strong>me:</strong></span> <span class='ocrx_word' id='word_1_288' title='bbox 1265 2109 1389 2149; x_wconf 88' lang='lat' dir='ltr'><strong>nuper</strong></span> 
     </span>
     <span class='ocr_line' id='line_1_38' title="bbox 273 2151 1270 2205; baseline -0.001 -14"><span class='ocrx_word' id='word_1_289' title='bbox 273 2153 445 2205; x_wconf 87' lang='lat' dir='ltr'><strong>quidem,</strong></span> <span class='ocrx_word' id='word_1_290' title='bbox 466 2162 510 2192; x_wconf 87' lang='lat' dir='ltr'><strong>ut</strong></span> <span class='ocrx_word' id='word_1_291' title='bbox 529 2155 642 2201; x_wconf 84' lang='lat' dir='ltr'><strong>scitis,</strong></span> <span class='ocrx_word' id='word_1_292' title='bbox 662 2167 725 2192; x_wconf 90' lang='lat' dir='ltr'><strong>me</strong></span> <span class='ocrx_word' id='word_1_293' title='bbox 743 2154 792 2192; x_wconf 89' lang='lat' dir='ltr'><strong>ad</strong></span> <span class='ocrx_word' id='word_1_294' title='bbox 810 2154 955 2205; x_wconf 85' lang='lat' dir='ltr'><strong>regiam</strong></span> <span class='ocrx_word' id='word_1_295' title='bbox 972 2165 1082 2205; x_wconf 89' lang='lat' dir='ltr'><strong>paene</strong></span> <span class='ocrx_word' id='word_1_296' title='bbox 1101 2151 1270 2192; x_wconf 82' lang='lat' dir='ltr'><strong>confecit.</strong></span> 
     </span>
    </p>

    <p class='ocr_par' dir='ltr' id='par_1_5' title="bbox 325 2206 1387 2258">
     <span class='ocr_line' id='line_1_39' title="bbox 325 2206 1387 2258; baseline -0.003 -11"><span class='ocrx_word' id='word_1_297' title='bbox 325 2207 434 2256; x_wconf 85' lang='lat' dir='ltr'><strong>Quid</strong></span> <span class='ocrx_word' id='word_1_298' title='bbox 452 2208 576 2247; x_wconf 88' lang='lat' dir='ltr'><strong>simile</strong></span> <span class='ocrx_word' id='word_1_299' title='bbox 606 2207 799 2247; x_wconf 81' lang='lat' dir='ltr'><strong>Milonis?</strong></span> <span class='ocrx_word' id='word_1_300' title='bbox 829 2209 938 2258; x_wconf 88' lang='lat' dir='ltr'><strong>cujus</strong></span> <span class='ocrx_word' id='word_1_301' title='bbox 957 2208 1014 2247; x_wconf 87' lang='lat' dir='ltr'><strong>vis</strong></span> <span class='ocrx_word' id='word_1_302' title='bbox 1036 2207 1160 2246; x_wconf 89' lang='lat' dir='ltr'><strong>omnis</strong></span> <span class='ocrx_word' id='word_1_303' title='bbox 1188 2206 1270 2245; x_wconf 81' lang='lat' dir='ltr'><strong>haec</strong></span> <span class='ocrx_word' id='word_1_304' title='bbox 1287 2216 1387 2244; x_wconf 88' lang='lat' dir='ltr'><strong>sem-</strong></span> 
     </span>
    </p>
   </div>
  </div>
 </body>
</html>
