1509 2397
241 95 320 132 282
477 91 816 135 PHILIPPICA
845 92 897 130 V.
926 92 1032 132 CAP.
1066 94 1127 132 164

242 200 351 239 Cnaei
380 200 494 249 filius,
529 200 715 252 Magnus,
743 200 862 250 hujus
889 200 1031 238 ordinis
1058 199 1279 239 auctoritate
1306 201 1359 238 ab

242 255 358 293 armis
376 255 596 303 discesserit,
617 262 653 292 et
679 268 701 292 a
727 254 788 292 Μ.
809 254 972 305 Lepido,
999 253 1240 305 imperatore,
1259 266 1359 305 pon-

242 308 341 347 tifice
369 309 553 354 maximo,
588 307 739 346 summa
767 311 915 347 senatus
946 308 1156 359 populique
1187 307 1359 355 Romani

241 362 452 409 voluntate,
474 363 616 401 civitati
635 362 828 400 restitutus
852 362 926 407 sit,
915 376 925 385 ·
957 369 1132 400 senatum
1151 361 1360 413 populum-

242 429 319 466 que
337 417 575 463 Romanum,
590 429 659 467 pro
677 415 856 453 maximis
874 415 1154 467 plurimisque
1144 428 1184 452 m
1204 428 1363 466 rempu-

243 469 384 509 blicam
416 470 477 508 M.
510 470 649 521 Lepidi
670 469 829 515 meritis,
860 482 1043 520 magnam
1071 482 1181 530 Spem·
1203 469 1244 506 in
1277 469 1363 518 ejus

245 523 398 570 virtute,
430 525 663 569 auctoritate,
697 523 888 570 felicitate,
920 535 1100 574 reponere
1131 523 1212 570 otii,
1242 522 1363 574 pacis,-

245 577 467 637 concordiae,
487 578 698 622 libertatis3
731 578 890 628 ejusque
914 576 955 614 in
980 577 1257 627 rempublicam
1281 588 1365 614 me-

244 630 407 669 ritorum
433 640 607 669 senatum
626 632 892 682 populumque
912 630 1135 668 Romanum
1154 642 1365 668 memorem

246 684 340 733 fore,
361 685 470 736 eique
489 693 656 723 statuam
675 692 888 736 equestrem
906 684 1121 723 inauratam
1136 684 1175 722 in
1196 683 1363 733 Rostris,

248 746 316 776 aut
335 752 411 790 quo
430 739 504 777 alio
522 740 604 777 loco
633 739 673 776 in
691 739 773 776 foro
792 738 896 786 velit,
917 752 965 776 ex
982 739 1099 787 hujus
1118 738 1260 777 ordinis
1278 750 1364 776 senz-

250 793 380 841 tentia,
401 794 515 831 statui
534 793 721 844 placere.'’
751 792 833 841 Qui
851 792 985 841 honos,
1005 800 1131 844 patres
1149 791 1362 843 conscripti,

249 846 347 884 mihi
375 847 570 885 maximus
598 847 761 894 videtur,
795 847 980 897 primum,
1007 846 1099 897 quia
1125 847 1254 896 justus
1284 853 1366 886 est:

251 912 328 938 non
348 901 450 939 enim
470 902 595 939 solum
613 901 725 938 datur
744 908 897 951 propter
916 913 1023 951 spem
1042 908 1260 951 temporum
1279 900 1368 937 reli-

251 967 432 1005 quorum,
453 955 518 993 sed
540 968 609 1006 pro
639 954 884 1006 amplissimis
905 954 1048 992 meritis
1073 954 1269 992 redditur:
1300 966 1370 993 nec

251 1021 339 1046 vero
358 1009 538 1060 cuiquam
550 1022 752 1059 possumus
767 1021 1061 1046 commemorare
1072 1008 1175 1046 hunc
1186 1008 1370 1047 honorem

253 1075 277 1100 a
295 1071 427 1100 senatu
446 1063 635 1101 tributum
652 1062 796 1111 judicio
815 1065 966 1100 senatus
985 1063 1110 1100 soluto
1129 1069 1166 1100 et
1183 1061 1314 1101 libero.

308 1117 426 1154 XVI.
456 1117 582 1155 Venio
614 1116 664 1154 ad
690 1116 734 1154 C.
762 1116 967 1162 Caesarem,
1001 1123 1126 1166 patres
1155 1117 1371 1167 conscripti,

255 1170 323 1221 qui
341 1170 414 1208 nisi
433 1170 578 1218 fuisset,
600 1170 686 1222 quis
704 1173 877 1208 nostrum
897 1183 975 1207 ffise
992 1170 1177 1220 potuisset
1190 1169 1208 1206 ’Β
1236 1170 1372 1209 Advo-

254 1224 360 1262 labat
379 1225 427 1262 ad
446 1225 593 1262 Urbem
612 1237 635 1261 a
652 1223 861 1262 Brundisio
879 1223 995 1261 homo
1017 1223 1370 1275 impotentissimus,

255 1278 390 1317 ardens
409 1278 509 1325 odio,
530 1278 658 1316 animo
677 1277 807 1316 hostili
824 1278 865 1315 in
894 1290 1026 1315 omnes
1043 1279 1177 1324 bonos,
1198 1290 1287 1316 cum
1307 1291 1374 1316 ex-

255 1332 390 1380 ercitu,
411 1333 618 1370 Antonius.
649 1331 756 1379 Quid
774 1331 841 1380 huj
848 1345 891 1370 us
917 1331 1085 1369 audaciae
1103 1339 1141 1370 et
1159 1331 1287 1370 sceleri
1305 1345 1375 1383 po-

256 1393 353 1424 terat
371 1386 511 1437 opponi
529 1389 545 1425 ?
576 1386 764 1424 Nondum
779 1386 879 1424 ullos
897 1385 1011 1424 duces
1029 1385 1280 1432 habebamus,
1295 1398 1373 1424 non

256 1440 381 1491 copias
399 1455 409 1477 :
439 1441 592 1485 nullum
608 1448 687 1478 erat
701 1439 901 1477 eonsilium
912 1439 1126 1490 publicum,
1140 1440 1248 1477 nulla
1261 1439 1376 1478 liber-

258 1500 342 1532 tas:
373 1494 509 1532 dandae
538 1494 696 1532 cervices
726 1501 833 1531 erant
864 1493 1076 1532 crudelitati
1104 1493 1284 1532 nefariae:
1312 1494 1376 1532 fu-

258 1561 349 1598 gam
369 1550 634 1600 quaerebamus
656 1560 802 1597 omnes,
826 1561 913 1600 quae
930 1547 1013 1599 ipsa
1039 1546 1187 1586 exitum
1209 1559 1288 1585 non
1304 1548 1377 1590 ha,

259 1603 384 1640 bebat.

313 1656 414 1704 Quis
446 1665 532 1696 tum
563 1658 685 1706 nobis,
720 1658 805 1708 quis
837 1657 981 1709 populo
1010 1657 1202 1704 Romano,
1236 1657 1376 1695 obtulit

257 1710 365 1749 hunc
383 1711 557 1749 divinum
588 1712 863 1750 adolescentem
882 1711 1005 1757 Deus,
1030 1710 1111 1761 qui,
1137 1723 1225 1748 cum
1244 1711 1374 1749 omnia

259 1764 311 1805 ad
328 1765 534 1815 perniciem
552 1774 720 1803 nostram
732 1765 907 1816 pestifero
918 1764 975 1802 illi
989 1765 1063 1802 civi
1080 1773 1266 1815 paterent,
1286 1767 1376 1803 sub-

261 1818 330 1865 ito,
361 1826 497 1869 praeter
529 1832 635 1870 spem
665 1820 855 1868 omnium,
886 1827 1052 1866 exortus,
1084 1817 1189 1869 prius
1219 1818 1378 1857 confecit

260 1873 485 1921 exercitum,
507 1886 622 1924 quem
637 1873 755 1911 furori
770 1873 833 1911 M.
846 1873 1010 1910 Antonii
1020 1883 1240 1923 opponeret,
1257 1885 1376 1924 quam

263 1925 468 1977 quisquam
486 1927 558 1965 hoc
573 1940 662 1965 eum
681 1928 843 1978 cogitare
857 1926 1119 1978 suspicaretur.
1150 1927 1290 1978 Magni
1307 1925 1378 1964 ho-

260 1991 373 2019 nores
390 1981 511 2020 habiti
531 1982 603 2020 Cn.
631 1981 830 2032 Pompeio,
850 1994 936 2019 cum
959 1988 1054 2018 esset
1072 1980 1311 2025 adolescens;
1341 1987 1378 2018 et

267 2033 423 2084 quidem
442 2037 553 2084 jure:
584 2036 760 2073 subvenit
782 2035 884 2073 enim
907 2035 1150 2086 reipublicae;
1180 2034 1245 2073 sed
1270 2041 1380 2072 aetate

260 2089 389 2126 multo
407 2090 608 2137 robustior,
630 2097 667 2127 et
683 2089 853 2127 militum
867 2089 1004 2127 ducem
1023 2088 1277 2140 quaerentium
1296 2095 1378 2126 stu-

265 2140 328 2179 dio
345 2144 524 2194 paratior,
545 2151 581 2182 et
610 2144 649 2181 in
674 2143 749 2182 alio
769 2156 906 2195 genere
925 2143 1027 2182 belli.
1057 2143 1150 2181 Non
1176 2142 1279 2181 enim
1297 2154 1380 2181 om-
