1509 2397
272 106 355 144 256
454 104 795 145 PHILIPPICA
815 105 898 145 IIL
924 104 1122 144 Cap-15.

273 212 447 252 domum.
487 213 736 262 Libidinosis,
762 213 1037 276 petulantibus,
1061 211 1238 265 impuris,
1264 210 1396 274 impu-

268 266 379 315 dicis,
393 267 635 316 aleatoribus,
649 269 760 307 ebriis
772 268 924 315 servire,
936 281 981 306 ea
994 274 1051 306 est
1061 266 1389 314 summamiseria,

271 334 425 360 summo
443 322 624 361 dedecore
642 324 855 373 conjuncta.
885 321 1005 369 Quod
1022 321 1054 360 si
1068 322 1152 371 jam
1171 320 1295 372 (quod
1318 320 1390 358 Dii

266 387 385 413 omen
405 384 576 414 avertant
594 376 624 423 !)
644 377 768 414 fatum
787 384 1003 414 extremum
1022 374 1240 426 reipublicae
1256 374 1388 413 venit·
1376 402 1388 420 ,

271 429 376 480 quod
401 429 626 480 gladiatores
649 431 795 468 nobiles
821 430 980 476 faciunt,
1000 437 1045 467 ut
1062 429 1219 467 honeste
1237 428 1394 466 decum-

268 483 377 531 bant,
391 483 576 523 faciamus
590 497 673 527 nos,
686 484 875 535 principes
887 484 988 522 orbis
1002 491 1188 522 terrarum
1200 482 1394 534 gentium-

266 549 345 588 que
356 538 545 585 omnium,
559 547 602 576 ut
617 551 705 577 cum
721 538 906 590 dignitate
924 537 1052 589 potius
1063 536 1259 585 cadamus,
1272 548 1392 588 quam

268 603 360 629 cum
392 591 605 642 ignominia
638 592 858 630 serviamus.
902 592 942 630 N
946 591 1017 629 ihil
1046 598 1101 630 est
1132 590 1393 629 detestabilius

264 644 462 693 dedecore,
479 645 576 683 nihil
594 646 730 684 foedius
746 645 938 684 servitute.
967 645 1037 683 Ad
1047 645 1163 683 decus
1183 652 1221 683 et
1236 644 1393 682 liberta-

268 705 348 737 tem
366 699 448 737 nati
461 712 619 738 sumus:
650 708 717 738 aut
735 699 818 738 haec
836 707 1048 748 teneamus,
1068 706 1138 737 aut
1155 711 1246 737 cum
1264 698 1392 750 digni-

266 759 345 791 tate
357 753 579 792 moriamur.

321 807 503 845 Nimium
517 807 584 846 diu
603 808 785 856 teximus,
799 807 893 860 quid
907 808 1159 846 sentiremus:
1189 818 1294 845 nunc
1308 807 1392 856 jam

265 868 443 912 apertum
462 870 541 900 est:
571 875 704 901 omnes
720 864 804 912 jam
832 862 1107 914 patefecerunt,
1126 862 1167 899 in
1186 869 1392 912 utramque

264 922 414 965 partem
433 915 528 967 quid
545 916 723 963 sentiant,
744 916 838 968 quid
857 916 987 954 velint.
1017 918 1118 955 Sunt
1142 915 1253 967 impii
1278 914 1390 964 cives,

264 981 335 1020 pro
354 969 508 1008 caritate
526 970 758 1022 reipublicae,
785 970 951 1008 nimium
982 970 1126 1016 multi;
1155 982 1225 1021 pro
1257 968 1392 1007 multi-

263 1022 399 1061 tudine
417 1025 514 1062 bene
540 1024 800 1071 sentientium,
821 1024 1032 1064 admodum
1051 1025 1189 1075 pauci:
1221 1035 1389 1075 quorum

263 1077 602 1128 opprimendorum
624 1078 694 1116 Dii
711 1078 945 1116 immortales
974 1077 1236 1116 incredibilem
1261 1077 1392 1128 reipu-

264 1130 374 1169 blicae
391 1139 617 1182 potestatem
633 1140 670 1170 et
688 1132 885 1170 fortunam
905 1132 1104 1170 dederunt.
1132 1131 1201 1171 Ad
1221 1144 1266 1169 ea
1283 1130 1387 1169 enim

262 1185 441 1236 praesidia
460 1199 548 1237 quae
571 1187 773 1234 habemus,
791 1188 874 1237 jam
898 1186 1077 1224 accedent
1091 1185 1262 1224 consules
1281 1197 1389 1223 sum·-

263 1239 332 1276 ma
349 1239 568 1291 prudentia,
588 1240 743 1288 virtute,
771 1240 983 1288 concordia,
1004 1240 1148 1278 multos
1165 1251 1315 1277 menses
1339 1238 1390 1277 de

262 1293 399 1344 populi
422 1294 591 1332 Romani
610 1294 785 1333 libertate
806 1293 1052 1335 commentati
1070 1301 1186 1345 atque
1199 1292 1387 1332 meditati.

265 1346 342 1385 His
357 1348 576 1386 auctoribus
591 1356 628 1386 et
643 1348 818 1395 ducibus,
839 1348 928 1386 Diis
943 1347 1185 1398 juvantibus,
1204 1347 1314 1386 nobis
1332 1347 1391 1385 vi.

262 1401 489 1451 gilantibus,
516 1410 553 1440 et
582 1402 753 1441 multum
782 1403 823 1440 in
859 1410 1055 1453 posterum
1087 1400 1389 1453 providentibus,

262 1456 410 1507 populo
429 1456 609 1494 Romano
636 1456 906 1504 consentiente,
927 1456 1069 1495 erimus
1086 1454 1255 1507 profecto
1279 1454 1390 1493 liberi

261 1508 369 1548 brevi
387 1516 569 1562 tempore.
599 1510 628 1548 J
631 1510 879 1549 ucundiorem
898 1517 1029 1549 autem
1043 1509 1155 1548 faciet
1172 1509 1389 1548 libertatem

260 1563 456 1602 servitutis
474 1564 694 1602 recordatio.

317 1617 412 1656 XV.
442 1618 553 1665 Quas
566 1620 614 1657 ob
635 1632 706 1667 res,
727 1617 832 1670 quod
851 1617 996 1657 tribuni
1014 1617 1135 1670 plebis
1155 1618 1270 1656 verba
1287 1617 1386 1656 fece·-

262 1678 370 1717 runt,
389 1678 434 1709 ut
453 1680 606 1710 senatus
627 1672 808 1711 Calendis
825 1672 1023 1711 Januariis
1042 1679 1125 1709 tuto
1135 1670 1282 1718 haberi,
1299 1683 1387 1710 sen-

263 1724 469 1776 tentiaeque
487 1725 534 1767 de
554 1727 709 1765 summa
729 1739 769 1764 re
787 1726 943 1777 publica
960 1726 1079 1764 libere
1104 1725 1178 1763 dici
1204 1734 1384 1776 possent3

262 1777 312 1816 de
345 1779 390 1816 ea
419 1791 461 1816 re
489 1779 544 1817 ita
576 1792 722 1826 censeo,
754 1783 782 1802 “
805 1779 873 1818 Uti
900 1779 945 1818 C.
967 1779 1107 1825 Pansa,
1139 1781 1193 1816 A.
1215 1779 1384 1827 Hirtius,

261 1832 438 1870 consules
457 1832 658 1884 designati,
686 1834 778 1872 dent
796 1846 967 1885 operam,
996 1833 1053 1870 uti
1073 1841 1225 1871 senatus
1245 1833 1386 1871 Calen-

262 1885 323 1923 dis
342 1887 540 1925 Januariis
568 1895 652 1925 tuto
681 1887 813 1926 haberi
845 1887 985 1938 possit·
1018 1886 1197 1938 quodque
1217 1886 1385 1925 edictum

262 1938 317 1977 D
337 1940 467 1987 Bruti,
487 1941 740 1992 imperatoris,
766 1942 930 1980 consulis
949 1940 1150 1992 designati,
1175 1940 1320 2001 optime
1338 1941 1386 1980 de

261 1995 460 2045 republica
478 1995 617 2042 meriti,
638 1994 877 2047 propositum
889 1995 950 2041 sit,
965 2002 1139 2033 senatum
1152 1995 1383 2043 existimare,

261 2046 316 2085 Ι).
330 2049 516 2097 Brutum,
537 2049 819 2110 imperatorem,
834 2049 1027 2089 consulem
1040 2048 1297 2099 designatum,
1313 2062 1384 2100 op-

260 2101 355 2140 time
373 2102 420 2140 de
437 2103 634 2154 republica
651 2103 801 2151 mereri,
822 2116 911 2141 cum
932 2106 1082 2142 senatus
1100 2102 1380 2151 auctoritatem,

258 2156 470 2208 populique
489 2157 659 2195 Romani
680 2157 895 2196 libertatem
926 2157 1225 2209 imperiumque,
1245 2156 1379 2194 defen-

256 2209 332 2249 dat.
378 2209 572 2263 Quodque
591 2211 824 2263 provinciam
845 2211 1015 2250 Galliam
1035 2209 1259 2259 citeriorem,
1279 2210 1380 2262 opti-
