1509 2397
336 87 450 126 PRO
481 87 816 127 MARCELLO.
847 88 951 127 CAP.
974 90 1010 133 7.
1163 89 1238 127 143

119 192 230 242 Quos
257 195 457 234 amisimus
486 195 600 244 cives,
627 209 690 234 eos
716 196 858 234 Martis
879 196 936 235 vis
961 196 1137 247 perculit,
1165 209 1241 234 non

119 247 175 285 ira
195 249 382 294 victoriae;
413 257 458 287 ut
472 250 648 288 dubitare
663 250 797 288 debeat
815 263 942 297 nemo,
963 250 1057 301 quin
1082 251 1240 297 multos,

119 304 151 339 si
165 303 247 340 fieri
260 311 400 354 posset,
417 303 462 342 C.
479 303 607 342 Caesar
618 305 667 342 ab
685 304 815 342 inferis
834 304 1037 349 excitarem
1059 305 1242 355 quoniam

119 369 167 394 ex
186 357 316 396 eadem
338 357 417 395 acie
437 368 645 402 conservat,
675 372 772 409 quos
790 365 925 409 potest.
963 358 1136 396 Alterius
1156 371 1243 396 vero

119 411 251 462 partis,
278 411 376 450 nihil
401 412 568 463 amplius
588 412 728 459 dicam,
750 425 867 463 quam
893 412 962 459 (id,
985 411 1089 462 quod
1111 424 1242 450 cmnes

121 467 362 511 verebamur)
382 465 498 504 nimis
528 466 752 504 iracundam
781 466 953 504 futuram
981 465 1098 504 fuisse
1125 466 1244 504 victo-

118 518 228 557 riam.
258 519 431 567 Quidam
446 520 564 567 enim,
577 532 654 558 non
666 520 781 558 modo
793 520 961 566 armatis,
972 519 1036 557 sed
1048 520 1243 558 interdum

118 573 236 612 etiam
254 573 396 621 otiosis,
411 575 658 612 minabantur
673 589 682 612 :
713 586 796 621 nec,
813 574 908 625 quid
926 573 1088 625 quisque
1107 574 1244 612 sensis-

120 635 190 673 set,
223 627 289 666 sed
319 627 387 665 ubi
416 628 562 675 fuisset,
589 628 836 679 cogitandum
859 641 937 666 esse
963 627 1164 673 dicebant3
1200 635 1245 666 ut

119 681 218 719 mihi
248 681 408 733 quidem
439 682 639 721 videantur
664 682 735 720 Dii
764 682 1012 729 immortales,
1048 682 1181 725 (etiam
1214 681 1246 720 si

119 748 248 787 poenas
260 749 283 774 a
293 737 436 788 populo
445 737 625 775 Romano
636 738 685 775 ob
695 736 851 788 aliquod
863 735 1045 773 delictum
1053 735 1245 787 expetive-

118 797 224 836 runt,
245 790 313 841 qui
333 791 441 829 civile
459 791 605 828 bellum
618 798 770 828 tantum
790 798 826 828 et
844 797 925 828 tam
939 791 1160 828 luctuosum
1176 803 1244 833 ex-

121 843 334 891 citaverint)
354 845 416 883 vel
433 845 573 895 placati
588 845 685 894 jam,
703 844 763 882 vel
778 844 902 882 satiati
920 843 1140 894 aliquando,
1161 857 1245 882 om-

119 909 209 936 nem
224 911 333 949 spem
347 899 480 937 salutis
490 898 539 936 ad
552 898 795 937 clementiam
809 898 960 937 fictoris
971 905 1008 936 et
1020 897 1242 949 sapientiam

120 953 334 991 contulisse.

175 1006 308 1054 Quare
319 1006 444 1058 gaude
463 1013 530 1045 tuo
543 1006 615 1045 isto
630 1013 710 1044 tam
730 1006 931 1045 excellenti
948 1008 1049 1044 bono
1065 1019 1077 1051 3
1109 1013 1146 1044 et
1163 1006 1245 1044 fru-

121 1073 196 1105 ere,
218 1073 305 1098 cum
326 1061 480 1098 fortuna
500 1068 536 1099 et
550 1061 687 1111 gloria,
708 1070 794 1099 tum
813 1060 928 1099 etiam
947 1060 1086 1098 natura
1105 1067 1144 1098 et
1160 1073 1246 1098 mo-

121 1115 228 1153 ribus
247 1114 349 1160 tuis;
381 1128 427 1153 ez<
447 1128 525 1166 quo
544 1115 701 1166 quidem
720 1115 916 1152 maximus
935 1122 990 1152 est
1013 1115 1159 1152 fructus
1181 1115 1246 1164 ju-

120 1168 372 1221 cunditasque
386 1169 556 1220 sapienti.
579 1169 726 1207 Caetera
739 1182 829 1207 cum
841 1176 909 1206 tua
922 1168 1177 1209 recordabere.
1191 1177 1248 1206 et-

119 1223 156 1260 si
183 1236 351 1274 persaepe
369 1223 516 1268 virtuti,
543 1230 673 1261 tamen
696 1223 925 1274 plerumque
954 1222 1138 1270 felicitati,
1169 1229 1247 1260 tuae

121 1277 444 1327 congratulabere.
484 1277 548 1314 De
572 1277 696 1324 nobis,
717 1289 812 1327 quos
835 1276 877 1313 in
905 1276 1100 1327 republica
1119 1283 1246 1314 tecum

123 1330 241 1368 simul
259 1331 382 1368 salvos
401 1343 481 1369 esse
499 1330 667 1377 voluisti,
691 1330 839 1382 quoties
859 1330 1054 1381 cogitabis,
1076 1329 1186 1368 toties
1201 1329 1249 1367 de

123 1384 304 1422 maximis
313 1384 597 1431 tuisbeneficiis,
606 1384 715 1422 toties
727 1384 773 1422 de
784 1384 996 1422 incredibili
1006 1384 1247 1429 liberalitate,

110 1438 233 1479 ,toties
252 1438 299 1476 de
319 1438 502 1489 singulari
521 1438 706 1490 sapientia
725 1438 807 1485 tua,
827 1437 1032 1488 cogitabis:
1064 1451 1152 1489 quae
1169 1449 1248 1475 non

124 1492 239 1531 modo
259 1505 412 1530 summa
422 1494 537 1538 bona,
555 1492 620 1530 sed
638 1492 824 1529 nimirum
843 1492 991 1530 audebo
1010 1491 1071 1529 vel
1093 1492 1173 1529 sola
1190 1490 1248 1528 di-

123 1559 217 1585 cere.
248 1546 401 1584 Tantus
427 1554 482 1584 est
500 1546 602 1584 enim
630 1546 806 1597 splendor
827 1546 869 1583 in
890 1546 1004 1583 laude
1023 1546 1125 1593 vera,
1142 1552 1249 1583 tanta

123 1601 164 1638 in
186 1600 453 1652 magnitudine
478 1600 599 1637 animi
621 1607 658 1638 et
680 1599 826 1638 consilii
851 1599 1030 1650 dignitas,
1050 1607 1094 1637 ut
1118 1599 1201 1637 haec
1225 1612 1249 1636 a

125 1655 264 1692 virtute
283 1655 438 1700 donata,
459 1661 592 1691 eaetera
610 1667 633 1691 a
658 1653 813 1691 fortuna
831 1654 1071 1691 commodata
1089 1666 1169 1691 esse
1191 1653 1250 1691 vi-

124 1709 298 1747 deantur.
329 1708 424 1747 Noli
442 1708 560 1779 igitur
577 1708 616 1745 in
638 1707 902 1746 conservandis
920 1707 1029 1746 bonis
1040 1707 1129 1746 viris
1143 1706 1248 1745 defa-

124 1762 250 1813 tigari,
270 1774 348 1800 non
366 1762 574 1813 cupiditate
591 1762 802 1812 praesertim
820 1769 888 1799 aut
911 1761 1097 1813 pravitate
1115 1760 1247 1812 aliqua

122 1816 254 1868 lapsis,
279 1816 344 1854 sed
362 1816 540 1867 opinione
561 1816 688 1862 officii,
713 1815 831 1854 stulta
857 1815 1026 1863 fortasse,
1054 1822 1152 1853 certe
1169 1827 1248 1852 non

124 1870 314 1922 improba,
341 1878 378 1908 et
406 1870 528 1921 specie
552 1870 722 1921 quadam
754 1869 984 1930 reipublicae.
1022 1870 1114 1907 Non
1145 1869 1248 1907 enim

126 1931 194 1964 tua
210 1924 292 1962 ulla
309 1924 423 1975 culpa
441 1931 509 1971 est,
526 1924 559 1962 si
573 1931 610 1962 te
629 1923 749 1975 aliqui
767 1924 1003 1961 timuerunt·
1026 1930 1245 1974 contraque,

126 1990 279 2016 summa
291 1978 390 2027 laus,
411 1953 515 2030 quod
533 1978 706 2030 plerique
719 1977 880 2016 minime
899 1977 1115 2016 timendum
1132 1976 1249 2015 fuisse

124 2039 332 2070 senserunt.

180 2086 279 2124 VII.
311 2086 430 2124 Nunc
449 2099 537 2124 vero
555 2085 666 2124 venio
684 2086 734 2124 ad
753 2085 1023 2137 gravissimam
1035 2085 1245 2137 querelam,

128 2145 164 2176 et
183 2139 454 2178 atrocissimam
473 2140 724 2192 suspicionem
740 2150 873 2184 tuam;
895 2153 982 2191 quae
993 2151 1071 2177 non
1090 2139 1160 2177 tibi
1173 2138 1246 2189 ipsi

126 2193 261 2243 magis,
280 2206 412 2245 quam,
429 2207 519 2232 cum
531 2193 710 2233 omnibus
721 2193 882 2241 civibus,
896 2200 981 2231 tum
993 2192 1162 2232 maxime
1175 2204 1244 2230 no-
