1509 2397
170 108 251 157 234
403 110 743 156 PHILIPPICA
773 110 970 158 11011».
999 107 1066 158 402

173 239 258 264 mos
278 226 362 264 dico
381 232 418 264 et
434 225 589 271 mimas,
614 231 742 276 patres
761 226 977 277 conscripti,
1006 226 1051 264 in'
1067 238 1159 278 agro
1174 226 1297 266 Cam-⁷

172 293 275 332 pano
294 280 506 318 collocatos.
536 279 645 327 Quid
661 281 744 329 jam
756 293 893 332 querar
905 279 953 319 de
964 293 1056 331 agro
1071 280 1262 320 Leontino
1275 284 1295 320 ?

174 333 489 386 quandoquidem
516 333 578 371 hae
600 333 797 384 quondam
829 335 1015 373 arationes
1039 335 1231 386 Campani
1259 341 1299 374 et

174 388 355 426 Leontini
382 388 423 425 in
449 387 583 439 populi
600 388 768 426 Romani
793 388 1025 440 patrimonio
1043 387 1207 450 ·[grandi
1227 389 1299 427 foe-

172 443 286 493 nore]
308 450 345 480 et
358 442 561 480 fructuosae
578 441 808 480 ferebantur.
838 442 994 481 Medico
1005 443 1079 481 tria
1091 442 1245 480 millia
1229 456 1296 492 Ju-

173 509 325 546 gerum,
347 496 456 547 quasi
479 504 517 533 te
545 508 682 533 sanum
709 495 881 542 fecissen
911 496 1051 534 rhetori
1070 496 1161 542 duo,
1187 496 1299 548 quasi

174 549 361 587 disertum
393 550 515 588 facere
545 550 742 600 potuisset.
773 549 848 588 Sed
883 549 934 588 ad
963 550 1036 589 iter
1065 524 1299 626 Italiamque

176 603 392 642 redeamus.

230 657 322 695 XL.
354 656 561 695 Deduxisti
590 624 777 695 coloniani
808 657 1037 707 Casilinum,
1064 670 1142 710 quo
1170 657 1299 697 emar

173 718 265 749 ante
284 711 331 749 de
333 711 505 749 duxerat.
537 710 774 749 Consuluisti
787 725 850 750 me
868 725 937 763 per
955 712 1082 750 literas
1099 712 1147 750 de
1160 711 1298 764 Capua.

176 772 220 802 tu
240 765 411 816 quidem,
433 764 515 806 (sed
533 764 636 802 idem
655 765 702 802 de
717 765 888 804 Casilino
905 766 1198 828 respondiffiem)
1209 779 1300 818 pos-

176 832 297 866 sesne,
317 819 386 857 ubi
404 818 551 857 colonia
570 827 679 866 85581,
701 832 745 857 80
764 819 950 858 coloniam
970 832 1110 858 novam
1125 821 1213 870 jure
1230 819 1298 858 de-

172 872 323 911 ducere.
353 872 518 924 Negavi,
539 873 580 910 in
605 885 692 910 eam
719 874 922 921 coloniam,
947 887 1035 925 quae
1054 881 1152 912 osset
1168 873 1298 926 auspi-

174 935 259 964 cato
277 926 454 972 deducta,
474 925 571 963 dum
595 934 693 964 85581
710 927 927 975 1118011111115,
947 927 1136 966 coloniam
1153 939 1295 966 novam

169 981 257 1030 jure
284 980 447 1019 deduci:
479 980 629 1018 oolonos
651 993 768 1019 novos
790 981 954 1020 adscribi
977 994 1087 1042 posse
1110 981 1296 1033 rescripsi.

175 1034 243 1072 Tu
263 1042 406 1081 autem,
426 1034 629 1072 insolentia
648 1035 782 1083 elatus,
809 1035 916 1072 omni
934 1035 1193 1086 auspiciorum
1207 1037 1297 1085 jure
1331 1035 1336 1039 ’

173 1090 341 1135 turbato,
382 1088 598 1126 Casilinum
636 1089 825 1127 coloniam
857 1089 1063 1136 deduxisti,
1101 1102 1180 1140 quo
1216 1095 1297 1127 erat

173 1142 304 1193 paucis
325 1142 435 1180 annis
465 1150 553 1180 ante
581 1141 758 1190 deducta,
789 1150 839 1180 ut
862 1143 1049 1180 vexillum
1073 1142 1238 1190 10118185,
1259 1149 1297 1182 81

175 1203 345 1234 aratrum
364 1195 687 1234 circumduceres:
719 1197 828 1246 cujus
855 1196 1014 1248 quidem
1038 1209 1190 1234 vomere
1206 1209 1298 1248 por-

175 1256 256 1287 tam
281 1250 425 1301 Capuae
449 1262 559 1301 paene
585 1250 858 1301 perstrinxisti,
883 1257 929 1288 ut
950 1250 1118 1288 florentis
1141 1250 1298 1288 coloniae

176 1311 410 1342 temmnum
428 1312 677 1342 minueretur.

228 1358 297 1395 Ab
316 1358 388 1396 hae
414 1358 645 1409 religionum
667 1358 964 1410 perturbatione,
991 1358 1146 1397 advolas
1172 1358 1214 1396 in
1233 1357 1296 1396 M.

175 1411 375 1459 Varronis,
397 1412 621 1450 sanctissimi
641 1421 756 1464 atque
769 1412 1004 1464 integerrimi
1022 1413 1108 1460 viri,
1127 1412 1298 1450 fundum

175 1465 427 1504 Cassinatem.
458 1466 549 1513 Quo
568 1467 688 1516 jure?
717 1480 795 1518 quo
813 1479 877 1505 ore
893 1469 911 1506 ‚⁹
940 1466 1105 1514 Eodem,
1131 1466 1296 1518 inquies,

175 1532 253 1570 quo
282 1520 323 1556 in
353 1519 551 1557 haeredum
581 1521 629 1558 L.
665 1521 820 1567 Rubrii,
852 1533 930 1572 quo
958 1521 1001 1557 in
1023 1520 1223 1558 haeredum
1245 1520 1296 1558 L.

175 1573 345 1611 Turselii
362 1574 519 1625 praedia,
547 1587 624 1625 quo
642 1574 682 1612 in
705 1575 871 1626 reliquas
896 1574 1193 1612 innumerabiles
1211 1586 1300 1625 pos-

175 1627 367 1665 sessiones.
397 1627 451 1664 Et
480 1628 511 1665 si
537 1630 585 1666 ab
605 1628 728 1674 hasta,
755 1629 879 1666 valeat
906 1628 1040 1673 hasta;
1071 1628 1222 1665 valeant
1239 1634 1298 1666 ta·

176 1681 295 1727 bulae,
314 1681 431 1719 modo
451 1681 624 1728 Caesaris,
638 1695 715 1720 non
734 1690 836 1728 tuae3
868 1682 1008 1733 quibus
1028 1681 1205 1726 debuisti,
1218 1683 1297 1719 noxi

175 1734 316 1786 quibus
342 1742 385 1772 tu
415 1742 453 1772 te
480 1735 698 1774 liberavisti.
728 1736 913 1774 Varronis
938 1735 1096 1787 quidem
1121 1734 1299 1773 Cassina-

175 1796 255 1825 tem
281 1788 450 1826 fundum
476 1789 561 1839 quis
586 1790 746 1828 veniisse
764 1789 886 1827 dicit?
915 1789 1003 1840 quis
1021 1789 1171 1826 hastam
1188 1787 1298 1826 istius

176 1842 402 1880 venditionis
435 1842 562 1880 vidit?
605 1843 691 1894 quis
729 1856 860 1881 vocem
899 1842 1082 1894 praeoenis
1119 1842 1265 1880 audivit
1279 1845 1298 1881 ?

177 1895 334 1934 Misisse
352 1903 389 1934 te
407 1895 501 1934 dicis
519 1897 814 1943 Alexandriam,
847 1897 915 1948 qui
933 1903 1074 1934 emeret
1092 1909 1116 1934 a
1134 1895 1297 1934 Caesare.

178 1949 317 2000 Ipsum
336 1950 440 1988 enim
459 1958 675 2001 exspectare
692 1963 881 2001 magnum
898 1950 984 1987 fuit.
1013 1949 1114 1998 Quis
1125 1962 1213 1987 vero
1230 1954 1300 1987 au.)

175 2003 274 2041 divit
303 2016 492 2054 unquam,
524 2004 686 2046 (nullius
709 2011 838 2042 autem
868 2004 970 2042 salus
996 2016 1096 2042 curae
1123 2003 1299 2054 pluribus

177 2057 269 2103 fuit)
289 2057 337 2096 de
355 2057 517 2095 fortunis
532 2058 716 2096 Varronis
734 2071 816 2096 rem
828 2059 950 2095 ullam
965 2070 1043 2096 esse
1061 2057 1267 2095 detractam
1281 2060 1300 2096 ἓ

175 2110 297 2158 Quod
326 2111 358 2149 si
388 2112 503 2150 etiam
531 2112 683 2164 scripsit
710 2112 759 2149 ad
787 2120 824 2150 te
853 2112 995 2160 Caesar,
1025 2118 1070 2149 ut
1098 2109 1297 2156 redderes;

178 2164 273 2215 quid
293 2165 383 2203 satis
401 2173 523 2216 potest
542 2166 617 2204 dici
635 2166 682 2204 de
702 2166 809 2204 tanta
827 2165 1067 2218 impudentia
1081 2167 1100 2203 ?
1130 2164 1301 2203 Remove

177 2218 326 2268 gladios
357 2232 565 2271 parumper
583 2220 682 2268 illos,
707 2233 804 2271 quos
824 2219 1024 2258 videmus:
1053 2219 1134 2268 jam
1158 2218 1301 2258 intelli-³
