1509 2397
282 90 398 130 PRO
427 90 676 130 MILONE.
731 90 1029 129 ARGUMEN
1033 90 1084 128 T.
1196 91 1248 135 75

114 200 197 240 vis:
228 199 422 238 Milonem
440 199 580 248 subito,
610 206 696 251 post
724 199 861 237 horam
886 206 1082 251 quartam,
1112 205 1246 237 senatu

117 254 247 301 misso,
273 267 364 293 cum
381 254 498 292 servis
523 254 693 305 amplius
715 252 826 293 CCC
846 253 1016 301 armatis,
1038 253 1192 291 obviam
1211 252 1246 291 ei

115 308 366 357 contendisse,
388 316 425 346 et
444 322 560 360 supra
577 308 750 347 Bovillas
768 307 1033 359 inopinantem
1052 307 1093 345 in
1112 306 1247 346 itinere

117 375 363 413 aggressum:
392 363 447 401 ibi
463 363 507 401 P.
532 362 714 401 Clodium
734 362 856 401 tribus
872 362 1095 400 vulneribus
1115 374 1247 412 accep-

119 416 181 463 tis,
199 416 372 455 Bovillas
385 417 604 468 perlatum:
635 418 849 463 tabernam,
869 415 910 453 in
930 429 1049 467 quam
1067 415 1249 467 profuge-

119 477 193 519 rat,
223 478 485 522 expugnatam
511 485 534 509 a
564 471 738 509 Milone:
769 470 1034 509 semianimem
1066 469 1250 508 Clodium

121 532 349 574 extractum,
376 526 417 563 in
441 525 504 564 via
521 525 657 576 Appia
676 525 842 564 occisum
862 538 954 571 esse,
980 524 1248 574 annulumque

120 579 203 628 ejus
226 579 261 618 ei
284 580 463 618 morienti
488 587 728 618 extractum:
759 579 896 618 deinde
920 578 1129 624 Milonem,
1157 590 1247 615 cum

120 633 230 671 sciret
247 633 288 671 in
316 635 475 673 Albano
502 634 709 686 parvulum
736 634 862 673 filium
883 632 1009 671 Clodii
1035 632 1180 670 venisse
1199 631 1249 669 ad

120 686 267 735 villam,
295 695 332 726 et
358 701 446 727 cum
466 702 561 740 puer
586 696 675 726 ante
694 690 908 726 subtractus
934 694 1043 735 esset,
1064 687 1112 724 de
1141 699 1248 724 servo

118 741 275 780 Alicore
290 743 541 794 quaestionem
555 743 610 780 ita
627 743 818 789 habuisse,
840 750 884 780 ut
904 754 994 780 eum
1014 740 1248 779 articulatim

120 804 353 835 consecaret:
384 796 557 836 villicum
583 803 620 835 et
648 797 742 835 duos
771 804 954 848 praeterea
977 808 1103 833 servos
1128 796 1249 845 jugu-

119 849 242 888 lasse:
274 864 322 889 ex
347 851 463 890 servis
493 850 635 900 Clodii,
667 851 736 903 qui
765 851 968 888 dominum
996 849 1249 896 defenderint,

121 904 302 943 undecim
331 918 410 944 esse
438 905 680 944 interfectos:
712 905 856 943 Miloni
875 905 969 942 duos
988 904 1086 941 solos
1106 902 1253 941 saucios

120 958 240 997 factos
252 972 349 998 esse:
371 961 420 998 ob
433 973 520 1012 quae
536 960 730 998 Milonem
749 967 899 1011 postero
918 959 979 997 die
998 958 1088 996 XII
1109 970 1250 1005 servos,

122 1013 191 1064 qui
209 1013 244 1052 ei
261 1014 433 1052 maxime
451 1027 608 1066 operam
622 1014 839 1062 navassent,
859 1012 1152 1057 manumisisse3
1183 1024 1252 1063 po-

120 1067 292 1119 puloque
310 1068 487 1107 tributim
506 1068 659 1119 singula
669 1068 793 1106 millia
809 1068 906 1116 aeris,
928 1067 977 1105 ad
995 1066 1254 1105 defendendos

121 1120 170 1160 de
188 1135 227 1160 se
246 1136 432 1172 rumores,
454 1122 612 1161 dedisse.

177 1176 282 1215 Milo
301 1177 449 1215 misisse
477 1177 526 1215 ad
557 1177 630 1215 Cn.
653 1177 888 1229 Pompeium
915 1175 1127 1223 dicebatur,
1149 1174 1255 1226 quod

124 1229 298 1282 Hypsaeo
313 1244 466 1270 summe
487 1231 677 1279 studebat,
696 1231 801 1283 quod
819 1231 946 1269 fuerat
965 1231 1048 1280 ejus
1073 1238 1254 1281 quaestor,

123 1283 303 1323 desistere
328 1298 367 1323 se
389 1285 573 1336 petitione
591 1286 824 1332 consulates,
846 1285 879 1322 si
901 1284 955 1322 ita
981 1284 1015 1322 ei
1037 1283 1227 1322 videretur
1240 1296 1252 1320 ε

125 1339 360 1390 Pompeium
378 1339 630 1390 respondisse,
651 1339 798 1376 nemini
818 1352 856 1377 se
875 1351 999 1389 neque
1017 1337 1172 1389 petendi
1189 1348 1258 1374 ne-

127 1405 203 1443 que
223 1393 429 1431 desistendi
454 1401 648 1431 auctorem
667 1406 760 1441 esse,
781 1405 906 1444 neque
924 1391 1060 1443 populi
1087 1390 1258 1429 Romani

126 1454 368 1497 potestatem,
389 1454 457 1485 aut
482 1447 699 1496 consilium,
721 1455 787 1485 aut
814 1446 1056 1493 sententiam,
1076 1445 1258 1496 interpel-

126 1501 313 1539 laturum.
347 1501 514 1549 Deinde,
535 1515 603 1553 per
623 1501 669 1540 C.
697 1500 911 1548 Lucilium,
932 1500 1000 1552 qui
1019 1507 1173 1551 propter
1194 1499 1256 1537 M.

131 1554 324 1593 Ciceronis
355 1555 658 1594 familiaritatem
686 1555 832 1593 amicus
855 1561 935 1592 erat
959 1554 1118 1601 Miloni,
1140 1554 1259 1605 egisse

131 1622 286 1661 quoque
305 1609 515 1659 dicebatur,
535 1622 584 1648 ne
604 1623 656 1659 se,
684 1610 732 1648 de
749 1609 822 1647 hac
836 1622 877 1647 re
895 1608 1171 1656 consulendo,
1161 1607 1260 1645 mvi-

130 1663 195 1702 dia
213 1670 398 1702 oneraret.

184 1718 295 1757 Inter
312 1718 395 1756 haec
413 1731 503 1757 cum
515 1720 763 1758 crebresceret
775 1730 923 1765 rumor,
937 1716 1011 1755 Cn.
1026 1716 1262 1768 Pompeium

133 1773 250 1811 creari
269 1772 508 1822 dictatorem,
528 1785 654 1825 neque
683 1780 900 1824 opportune
919 1771 1026 1810 aliter
1045 1771 1152 1809 mala
1170 1771 1262 1809 civi-

131 1826 220 1865 tatis
234 1827 357 1865 sedari
375 1840 506 1879 posse3
528 1827 654 1865 visum
667 1834 724 1865 est
742 1825 1006 1878 optimatibus,
1026 1825 1147 1864 tutius
1167 1838 1262 1872 esse,

134 1894 225 1919 eum
243 1881 440 1919 consulem
466 1881 547 1920 sine
572 1880 716 1932 collega
735 1893 884 1919 creare:
917 1887 968 1927 et,
996 1893 1085 1918 cum
1104 1887 1265 1918 tractata

136 1947 180 1973 ea
197 1948 257 1973 res
276 1943 371 1974 esset
388 1936 430 1973 in
449 1943 599 1984 senatu,
615 1936 716 1974 facto
734 1935 776 1972 in
796 1934 858 1972 M.
879 1933 1016 1972 Bibuli
1035 1933 1264 1972 sententiam

135 1990 176 2028 S.
192 1988 254 2039 C„
286 1990 513 2042 Pompeius,
530 1992 576 2028 ab
598 1991 786 2040 interrege
806 1989 885 2027 Ser.
907 1988 1087 2039 Sulpitio,
1110 1987 1148 2025 V
1177 1987 1262 2026 Cal.

138 2042 259 2082 Mart.
279 2056 411 2083 mense
431 2044 686 2095 intercalario,
706 2043 843 2082 consul
861 2050 1009 2081 creatus
1025 2049 1095 2091 est,
1116 2042 1266 2080 statim-

137 2110 214 2149 que
232 2098 475 2138 consulatum
489 2099 588 2138 iniit.

191 2152 359 2200 Deinde,
377 2160 464 2205 post
482 2152 586 2192 diem
603 2152 776 2201 tertium,
792 2151 839 2190 de
856 2151 1008 2202 legibus
1022 2163 1049 2188 11
1050 2150 1130 2189 ovis
1144 2122 1268 2188 feren-

139 2204 201 2245 dis
217 2207 373 2245 retulit:
403 2207 501 2247 duas
525 2220 575 2252 ex
592 2207 635 2246 S.
654 2207 701 2246 C.
724 2205 1011 2259 promulgavit.
1041 2206 1201 2243 alteram
1221 2204 1269 2243 de
