1509 2397
375 40 769 99 1301110030.
801 40 906 78 civ.
936 43 1001 78 22.
1171 44 1242 81 101

132 150 259 197 illum,
274 156 319 187 ut
337 161 415 187 non
434 149 526 187 satis
540 148 618 187 fere
637 156 733 187 esset
750 156 916 199 paratus.
947 149 1105 201 Semper
1118 151 1197 200 ille,
1212 159 1250 190 et

131 212 321 256 quantum
338 203 533 242 interesset
547 203 594 240 P.
611 202 751 249 Clodii,
773 215 811 240 se
823 202 959 252 perire,
981 211 1018 241 et
1032 214 1176 256 quanto
1190 206 1248 243 illi

131 257 217 297 odio
232 264 340 305 esset,
357 265 395 296 et
408 266 598 309 quantum
608 256 675 294 ille
689 256 857 303 auderet,
871 256 1073 307 cogitabat.
1095 258 1248 306 Quam-

126 313 259 350 obrem
277 311 396 349 vitam
415 325 540 358 suam,
561 323 680 362 quam
697 310 878 348 maximis
892 312 1059 361 praemiis
1076 314 1249 364 proposi-

130 373 209 405 tam
229 373 266 404 et
282 378 392 417 paene
417 366 608 404 addictam
634 365 787 412 sciebat,
818 377 1020 416 nunquam
1039 365 1081 403 in
1097 367 1247 418 pericu-

128 420 212 458 lum
231 420 312 458 sine
329 419 505 470 praesidio
524 428 562 458 et
580 419 660 457 sine
679 418 849 457 60510(113
866 419 1101 470 projiciebat.
1129 421 1247 460 Adde

125 485 248 518 casus,
278 473 375 512 adde
398 473 558 512 incertos
587 473 712 511 exitus
741 485 976 525 pugnarum,
998 473 1248 527 Martemque

124 540 397 574 communem3
428 528 497 580 qui
526 541 625 580 saepe
643 527 869 579 spoliantem
891 528 974 576 jam
995 536 1032 566 et
1051 529 1248 567 exsultan-

125 588 205 620 tem
235 582 381 629 evertit,
408 590 445 620 et
470 582 632 634 perculit
655 584 702 620 ab
726 583 884 631 abjecto.
913 581 1031 620 Adde
1056 583 1247 622 inscitiam

124 636 268 687 pransi,
281 636 377 687 poti,
387 636 581 674 oscitantis
599 636 720 682 ducis,
737 636 818 688 qui,
835 648 922 673 6010
939 649 961 674 3
980 644 1085 688 tergo
1098 637 1247 676 hostem

124 689 378 729 interclusum
396 690 622 742 reliquisset,
639 690 737 728 nihil
762 690 809 728 de
828 691 910 739 ejus
930 691 1110 729 extremis
1130 693 1248 730 comi-

127 743 231 782 tibus
249 744 454 795 cogitavit3
483 745 525 782 in
540 757 650 796 quos,
677 745 848 783 incensos
866 745 938 793 ira,
960 745 1157 796 vitamque
1180 746 1249 785 do-

125 797 224 836 mini
247 798 504 850 desperantes,
529 812 618 837 cum
642 799 848 846 incidisset,
871 798 981 836 haesit
995 799 1035 836 in
1050 799 1095 837 iis
1110 800 1249 851 poenis,

125 864 222 903 quas
240 854 289 891 ab
304 866 348 891 eo
366 853 464 891 servi
482 853 611 891 fideles
628 866 699 914 pro
718 852 865 891 domini
877 852 955 891 vita
968 853 1119 904 expetiv
1123 862 1246 893 erunt.

126 905 236 944 Cur
225 907 343 957 lgitur
361 920 423 945 eos
437 907 685 945 manumisit.
677 909 694 933 9
724 907 942 955 Metuebat,
956 907 1108 957 56111661,
1129 921 1177 947 06
1188 909 1248 947 10-

126 959 316 1006 dicarent3
346 973 396 999 ne
413 961 583 1000 dolorem
609 961 774 1023 perferre
792 974 870 999 non
887 969 1065 1013 possent,
1096 975 1144 1000 ne
1171 975 1247 1001 tor-

126 1014 266 1053 mentis
293 1023 530 1066 cogerentur,
556 1016 720 1054 occisum
740 1029 818 1054 esse
843 1029 866 1053 3
885 1016 999 1054 servis
1019 1016 1217 1055 Milonis
1205 1030 1247 1055 111

125 1067 262 1120 Appia
280 1068 342 1107 via
361 1070 407 1107 P.
429 1069 626 1131 Clodium,
647 1070 828 1108 confiteri.
858 1069 968 1118 Quid
986 1083 1082 1121 opus
1101 1079 1156 1109 est
1170 1079 1247 1109 tor-

124 1128 229 1161 tore.
220 1125 238 1150 9
267 1123 362 1175 quid
381 1124 544 1176 quaeris.
535 1127 551 1153 9
581 1124 837 1164 occideritne?
867 1124 1015 1163 occidit.
1056 1125 1170 1174 Jure,
1197 1138 1247 1164 an

124 1175 296 1226 injuria?
328 1178 428 1216 nihil
450 1178 499 1217 ad
521 1187 728 1217 tortorem.
761 1179 852 1218 facti
878 1179 982 1216 enim
1008 1179 1049 1217 10
1082 1180 1246 1231 equuleo

127 1231 288 1282 (11135110
308 1239 378 1277 est,
396 1233 494 1282 juris
512 1233 554 1271 in
570 1233 728 1295 judicio.

178 1284 326 1324 XXII.
356 1286 475 1334 Quod
492 1287 611 1338 igitur
629 1287 670 1325 in
692 1300 807 1326 causa
826 1288 1078 1338 quaerendum
1108 1295 1176 1335 est,
1206 1288 1248 1326 id

124 1351 286 1389 agamus
314 1340 402 1378 hic:
436 1341 541 1392 quod
569 1342 768 1380 tormentis
793 1341 963 1380 10160116
988 1341 1058 1402 vis,
1085 1342 1126 1379 id
1151 1342 1249 1380 fate-

124 1405 227 1431 mur.
268 1393 397 1432 Manu
416 1408 504 1433 vero
535 1408 603 1434 cur
630 1395 789 1441 miserit,
822 1395 855 1433 51
880 1395 919 1433 1(1
943 1396 1072 1456 potius
1091 1396 1246 1448 quaeris,

124 1460 244 1508 quam
259 1460 326 1486 cur
344 1461 483 1499 parum
495 1449 634 1501 amplis
647 1450 812 1487 affecerit
830 1450 1022 1510 Ρ1301115;
1053 1450 1174 1488 065615
1187 1451 1248 1488 in-

122 1500 228 1540 imici
246 1501 392 1540 factum
410 1503 694 1555 reprehendere.
725 1503 838 1541 Dixit
852 1505 954 1542 enim
969 1504 1031 1541 hic
1045 1504 1163 1552 idem,
1180 1503 1248 1556 qui

123 1555 255 1594 omnia
272 1569 421 1608 semper
440 1565 654 1596 constanter
673 1566 710 1596 et
733 1558 894 1606 fortiter,
915 1558 977 1596 M.
999 1558 1109 1606 Cato,
1131 1558 1248 1597 dixit-

122 1622 198 1661 que
216 1609 257 1647 in
272 1611 495 1650 turbulenta
514 1612 692 1650 concione
711 1615 816 1663 (quae
834 1620 963 1650 tamen
982 1612 1099 1662 hujus
1118 1622 1247 1651 aucto-

121 1664 232 1702 ritate
256 1665 408 1716 placata
429 1674 517 1714 est),
550 1678 628 1704 non
656 1667 831 1705 libertate
864 1667 1004 1715 solum,
1038 1667 1104 1705 sed
1131 1668 1248 1706 611310

122 1718 303 1757 omnibus
315 1720 503 1770 praemiis,
524 1720 768 1772 dignissimos
785 1721 916 1768 fuisse,
938 1721 1006 1772 qui
1024 1721 1171 1760 domini
1186 1734 1248 1760 63-

119 1780 192 1824 put
202 1772 470 1813 defendissent.
490 1774 611 1823 Quod
622 1775 726 1813 enim
738 1775 943 1827 praemium
958 1775 1048 1813 satis
1058 1788 1249 1827 magnum

122 1833 179 1865 651
196 1834 277 1865 tam
295 1829 503 1878 benevolis,
529 1836 611 1868 tam
640 1829 766 1877 bonis,
796 1837 878 1868 tam
910 1829 1087 1868 fidelibus
1116 1830 1247 1878 servis,

122 1888 277 1933 propter
309 1896 407 1934 quos
436 1883 562 1923 vivit?
592 1884 661 1922 etsi
685 1883 726 1921 id
754 1884 912 1936 quidem
943 1897 1022 1923 non
1051 1884 1149 1922 tanti
1177 1891 1247 1934 est,

124 1948 244 1986 quam
263 1936 382 1988 quod,
401 1946 556 1990 propter
574 1938 752 2000 eosdem,
761 1951 839 1977 non
854 1938 1040 1990 sanguine
1059 1946 1096 1977 et
1114 1952 1139 1977 v
1141 1939 1250 1977 ulne-

123 1989 230 2028 ribus
244 1990 322 2029 suis
340 1991 619 2031 crudelissimi·
608 1992 755 2031 inimici
773 2000 944 2031 mentem
964 1993 1170 2045 oculosque
1189 2006 1250 2031 sa-

123 2042 244 2081 tiavit.
285 2044 396 2093 Quos
419 2046 493 2085 nisi
510 2046 809 2094 10300101515561,
829 2047 1028 2086 tormentis
1048 2047 1164 2086 etiam
1183 2047 1250 2085 de-

125 2095 241 2136 dendi
258 2098 419 2139 fuissent
437 2110 714 2141 conservatores
732 2101 895 2150 domini,
924 2102 1067 2140 ultores
1086 2101 1248 2149 sceleris,

123 2138 338 2195 defensores
361 2155 474 2197 necis.
517 2155 595 2197 Hic
620 2169 708 2197 vero
727 2155 826 2197 nihil
842 2155 987 2195 habet
977 2169 1017 2195 m
1036 2156 1096 2196 his
1120 2155 1246 2203 malis.

897 2221 927 2249 3
947 2212 972 2248 3
