1509 2397
286 120 366 158 350
504 121 842 172 PHILIPPICA
872 123 949 162 XI.
980 123 1084 162 CAP.
1118 123 1179 161 11.

282 240 360 279 quo
379 229 496 277 salvo,
517 229 611 268 salvi
629 243 762 270 sumus
780 231 913 270 futuri.
956 231 1072 270 Tunc
1101 230 1163 269 vel
1192 229 1233 267 in
1262 229 1402 268 coelum

284 294 364 327 VOS,
385 282 416 320 Si
435 282 516 320 fieri
534 284 686 335 poterit,
717 285 887 324 humeris
916 286 1052 324 nostris
1080 285 1285 323 tollemus:
1315 296 1403 335 pro-

283 335 425 375 vincias
461 344 560 376 certe
588 338 830 390 dignissimas
859 340 965 378 vobis
998 339 1227 391 deligemus
1267 338 1401 385 Nunc,

285 389 390 439 quod
408 391 547 442 agitur,
574 406 745 444 agamus.
787 394 929 445 Agitur
947 401 1091 438 autem,
1111 392 1270 431 liberine
1298 391 1403 430 viva-

282 455 386 491 mus,
406 458 456 482 an
474 454 638 484 mortem
656 449 864 494 obeamus3
894 461 980 499 quae
999 454 1097 486 certe
1109 446 1279 485 servituti
1297 452 1404 484 ante-

284 499 463 548 ponenda
481 507 548 537 est.

336 551 458 599 Quid,
480 553 511 591 si
529 555 643 592 etiam
663 555 771 594 affert
796 555 1014 594 tarditatem
1046 555 1119 593 ista
1148 553 1334 593 sententia
1352 552 1402 590 ad

283 604 529 645 Dolabellam
565 609 900 660 persequendum?
930 609 1098 657 Quando
1141 608 1246 647 enim
1276 607 1402 646 veniet

283 661 446 698 consul?
476 674 524 698 an
549 662 590 699 id
616 671 893 714 exspectamus,
914 676 991 715 quo
1009 676 1058 701 ne
1079 662 1284 713 vestigium
1314 660 1402 713 qui-

283 713 371 751 dem
388 714 491 752 Asiae
516 716 714 754 civitatum
737 725 852 769 atque
871 718 1027 756 urbium
1046 718 1285 769 relinquatur
1298 718 1316 755 Ρ
1345 715 1402 754 At

281 768 435 806 mittent
454 769 622 821 aliquem
641 771 688 809 de
707 785 776 809 suo
794 785 966 810 numero.
995 771 1122 810 Valde
1139 770 1237 808 mihi
1248 769 1401 821 probari

281 830 418 872 potest,
439 823 506 874 qui
530 825 645 875 paulo
669 832 755 863 ante
775 826 981 864 clarissimo
1003 826 1084 864 viro
1111 825 1260 876 privato
1278 824 1402 875 impe-

281 876 384 913 rium
400 885 506 915 extra
524 878 695 916 ordinem
714 892 791 917 non
811 879 909 918 dedi.
941 881 997 918 At
1014 879 1212 918 hominem
1237 878 1402 929 dignum

283 930 448 968 mittent.
479 932 591 969 Num
611 934 656 971 P.
683 933 842 971 Servilio
861 934 1106 985 digniorem?
1138 939 1178 970 at
1199 945 1290 970 eum
1315 931 1402 983 qui-

283 983 371 1021 dem
390 984 520 1023 civitas
532 999 606 1024 non
627 987 753 1026 habet.
784 987 902 1035 Quod
921 1001 1010 1039 ergo
1028 988 1108 1038 ipse
1127 986 1273 1024 nemini
1291 992 1403 1037 putat

283 1037 470 1087 dandum,
491 1052 539 1077 ne
564 1054 587 1078 a
610 1050 744 1079 senatu
774 1041 946 1092 quidem,
967 1042 1007 1079 id
1026 1054 1096 1092 ego
1114 1040 1229 1078 unius
1255 1039 1402 1089 judicio

284 1091 455 1130 delatum
475 1097 718 1145 comprobem
733 1097 750 1133 I>
780 1096 974 1146 Expedito
987 1096 1096 1133 nobis
1106 1093 1263 1132 homine
1281 1100 1318 1131 et
1332 1106 1402 1144 pa-

284 1153 380 1193 rat0,
401 1154 526 1197 patres
545 1149 759 1200 conscripti,
785 1162 881 1200 opus
900 1157 969 1197 est,
991 1155 1027 1188 et
1046 1162 1090 1187 eo
1109 1148 1177 1199 qui
1194 1147 1402 1199 imperium

281 1199 499 1250 legitimum
527 1202 690 1248 habeat,
722 1203 790 1254 qui
819 1210 999 1254 praeterea
1028 1202 1304 1245 auctoritatem,
1333 1213 1403 1238 no-

282 1265 387 1297 men,
409 1256 632 1304 exercitum,
663 1265 904 1308 perspectum
934 1257 1109 1296 animum
1138 1256 1179 1293 in
1207 1254 1403 1307 republica

284 1307 492 1346 liberanda.

354 1361 431 1400 XI.
462 1362 562 1410 Quis
580 1364 698 1415 igitur
715 1365 747 1403 is
768 1365 850 1404 est?
878 1366 964 1404 Aut
994 1365 1055 1402 M.
1076 1365 1238 1411 Brutus,
1268 1369 1336 1400 aut
1355 1361 1402 1400 C.

285 1413 453 1463 Cassius,
469 1425 537 1455 aut
550 1426 722 1470 uterque.
753 1420 1005 1458 Decernerem
1016 1419 1145 1470 plane,
1157 1418 1254 1456 sicut
1265 1417 1402 1463 multa,

283 1470 477 1508 consulem
492 1472 669 1521 alterum,
683 1476 858 1522 ambove,
874 1474 915 1511 ni
929 1474 1100 1512 Brutum
1114 1472 1400 1523 colligassemus

282 1522 323 1560 in
336 1523 501 1574 Graecia,
518 1533 555 1564 et
566 1528 648 1576 ejus
660 1528 849 1566 auxilium
864 1527 914 1566 ad
929 1527 1083 1565 Italiam
1098 1538 1265 1577 vergere,
1281 1537 1401 1576 quam

283 1576 333 1615 ad
350 1578 503 1626 Asiam,
524 1581 816 1620 maluissemus:
850 1580 948 1631 [non
967 1589 1010 1619 ut
1033 1595 1081 1619 ex
1097 1581 1141 1619 e'a
1160 1579 1239 1618 acie
1255 1591 1403 1629 respec-

285 1638 370 1668 tum
389 1632 652 1687 haberemus,]
669 1636 733 1673 sed
743 1644 788 1673 ut
805 1635 888 1687 ipsa
906 1635 1003 1674 acies
1016 1634 1228 1673 subsidium
1246 1633 1403 1670 haberet

285 1685 399 1723 etiam
413 1689 722 1726 transmarinum.
753 1690 955 1736 Praeterea,
972 1696 1096 1742 patres
1110 1686 1323 1737 conscripti,
1342 1686 1402 1724 M.

283 1739 456 1777 Brutum
481 1742 617 1781 retinet
646 1743 761 1781 etiam
787 1756 890 1782 nunc
917 1743 962 1782 C.
982 1743 1192 1790 Antonius,
1213 1741 1281 1793 qui
1300 1747 1403 1778 tenet

282 1793 551 1844 Apolloniam,
589 1809 773 1848 magnam
809 1799 946 1836 urbem
984 1805 1021 1835 et
1059 1809 1240 1848 gravem:
1285 1800 1401 1841 tenet,

283 1847 432 1898 opinor,
462 1849 657 1900 Byllidem
673 1866 683 1888 :
714 1859 816 1890 tenet
833 1851 1087 1889 Amantiam:
1117 1850 1233 1887 instat
1254 1847 1400 1899 Epiro:

281 1908 395 1952 urget
414 1903 640 1954 Illyricum:
661 1905 777 1944 habet
787 1906 933 1957 aliquot
945 1905 1140 1950 cohortes3
1160 1904 1277 1941 habet
1295 1901 1403 1953 equi-

284 1961 422 1992 tatum.
465 1957 584 2007 Hinc,
612 1960 644 1997 si
662 1961 809 1998 Brutus
829 1960 899 1998 erit
916 1959 1112 1997 traductus
1130 1957 1179 1996 ad
1197 1957 1303 1995 aliud
1320 1955 1403 1993 bel-

283 2008 382 2055 luma
412 2009 601 2051 Graeciam
620 2021 718 2052 certe
737 2013 988 2052 amiserimus.
1028 2013 1102 2051 Est
1127 2019 1256 2049 autem
1285 2009 1401 2048 etiam

282 2062 330 2100 de
355 2063 576 2115 Brundisio,
611 2075 726 2119 atque
752 2067 820 2106 illa
849 2067 916 2106 ora
946 2066 1083 2115 Italiae,
1110 2064 1404 2117 providendum.

285 2115 539 2169 Quamquam
558 2122 675 2160 miror
693 2122 840 2160 tamdiu
871 2121 1011 2159 morari
1035 2119 1278 2158 Antonium:
1310 2117 1404 2156 solet

284 2170 387 2208 enim
418 2175 585 2227 accipere
612 2175 626 2213 i
655 2189 693 2214 se
721 2175 904 2224 manicas,
923 2188 992 2214 nec
1023 2174 1168 2213 diutius
1197 2170 1402 2232 obsidionis

282 2230 430 2263 metum
457 2187 653 2269 sustinenii
690 2229 808 2278 Quod
827 2230 857 2268 si
876 2228 1076 2269 confecerit
1093 2229 1255 2277 Brutus,
1288 2234 1325 2265 et
1342 2236 1401 2262 m-
