1509 2397
213 97 293 134 366
421 94 761 134 PHILIPPICA
791 94 892 134 XII.
920 95 1028 134 CM».
1061 95 1124 134 11.

218 215 316 240 num
335 202 493 250 viribus,
525 203 643 242 cecidi
668 203 802 252 sciens,
832 210 876 241 ut
901 202 1167 242 honestissime
1184 214 1336 255 possem

220 256 477 309 [exsurgere]

274 310 490 348 Possumne
507 310 625 361 igitur
643 311 731 350 satis
742 309 861 349 videri
875 318 1022 359 cautuS,
1038 309 1127 349 satis
1139 309 1337 362 providus,

219 364 252 402 si
269 376 333 401 me
356 364 446 402 huic
471 364 611 412 itineri,
638 372 717 403 tam
748 364 900 412 infesto,
928 373 1084 416 tamque
1111 364 1336 416 periculoso,

225 418 482 457 commisero?
532 418 705 457 Gloriam
724 418 764 455 in
789 426 911 456 morte
938 418 1077 456 debent
1094 418 1136 465 ii,
1156 418 1225 469 qui
1241 418 1282 455 in
1301 431 1342 456 re

221 471 379 523 publica
391 479 600 520 versantur,
612 485 690 510 non
703 473 824 523 culpae
836 471 1180 522 reprehensionem,
1196 479 1234 510 et
1245 472 1342 510 stul-

225 525 319 564 titiae
332 525 663 576 vituperationem,
684 526 906 576 relinquere.
938 524 1038 572 Quis
1048 527 1172 563 bonus
1190 537 1268 563 non
1279 525 1342 562 lu-

225 587 290 630 get
307 586 471 617 mortem
490 579 675 617 Trebonii
687 582 704 617 Ρ
735 579 820 630 quis
831 591 908 616 non
923 579 1025 616 dolet
1042 578 1240 616 interitum
1254 579 1342 617 talis

224 640 263 671 et
274 632 364 671 civis
378 640 415 671 et
429 632 500 670 viri
513 635 530 671 Ρ
559 633 618 670 Α1
630 640 734 676 sunt..
751 633 819 684 qui
831 632 957 671 dicant
973 632 1085 683 (dure
1095 632 1153 670 1111
1166 631 1339 683 quidem,

227 686 293 725 sed
311 694 440 724 tamen
455 686 619 733 dicunt),
634 687 762 724 minus
774 686 996 734 dolendum,
1010 686 1114 737 quod
1125 687 1173 724 ab
1187 686 1344 724 homine

227 741 381 791 impuro
399 740 619 791 nefarioque
637 752 714 778 non
733 740 883 778 caverit.
923 740 1096 787 Etenim,
1116 739 1185 791 qui
1201 740 1347 778 multo-

226 807 314 832 rum
351 794 545 832 custodem
582 807 621 832 se
662 795 898 845 profiteatur,
937 807 1026 832 eum
1063 794 1249 845 sapientes
1285 807 1346 832 sui

226 848 399 899 primum
418 847 550 899 capitis
569 847 676 885 aiunt
701 847 896 886 custodem
925 860 1004 886 esse
1031 855 1212 899 oportere.
1242 847 1347 886 Cum

229 909 358 953 septus
395 901 444 940 sis
479 901 628 952 legibus
660 909 696 939 et
729 901 962 951 judiciorum
993 909 1114 949 metu,
1152 914 1231 940 non
1259 908 1349 940 sunt

231 955 363 994 omnia
393 955 578 1002 timenda,
617 967 741 1006 neque
777 955 827 993 ad
862 968 994 994 omnes
1029 955 1184 993 insidias
1213 955 1350 1006 'praesi-

228 1009 293 1047 dia
312 1009 526 1060 quaerenda.
557 1009 656 1057 Quis
676 1010 778 1047 enim
797 1009 935 1048 audeat
959 1009 1050 1056 luci,
1075 1009 1162 1061 quis
1186 1009 1227 1046 in
1245 1009 1348 1047 mili-

229 1063 303 1101 tari
321 1063 398 1112 via,
419 1063 505 1115 quis
522 1065 619 1101 bene
634 1063 872 1112 comitatum,
893 1063 980 1115 quis
999 1063 1202 1112 illustrem,
1215 1076 1349 1114 aggres-

230 1117 293 1155 di.
284 1119 302 1143 ⁹
331 1116 430 1155 Haec
450 1130 575 1178 neque
598 1117 670 1155 hoc
694 1124 879 1168 tempore,
899 1129 1024 1177 neque
1050 1117 1092 1155 in
1109 1130 1188 1178 me,
1207 1117 1347 1156 valent.

231 1171 324 1209 Non
336 1170 452 1209 modo
466 1171 569 1208 enim
582 1183 734 1222 poenam
746 1183 823 1208 non
835 1170 1067 1219 extimescet,
1080 1171 1166 1222 qui
1158 1170 1257 1211 mihi
1270 1170 1351 1211 vim

231 1224 425 1270 attulerit3
455 1224 522 1262 sed
541 1224 655 1263 etiam
669 1224 831 1276 gloriam
850 1224 1017 1276 sperabit
1028 1225 1254 1263 alatronum
1265 1238 1352 1277 gre-

232 1279 360 1330 gibus,
381 1285 418 1316 et
436 1279 605 1330 praemia.

285 1332 363 1370 XI.
385 1332 483 1371 Haec
497 1346 566 1383 ego
580 1333 620 1370 in
632 1333 739 1371 Urbe
750 1332 938 1384 praevideo
952 1346 962 1370 :
983 1332 1105 1371 facilis
1119 1340 1175 1371 est
1189 1332 1351 1373 circum,

233 1393 397 1438 spectuS,
406 1386 509 1424 unde
520 1399 667 1435 exeam,
677 1399 754 1437 quo
760 1387 994 1437 progrediar,
1004 1386 1097 1438 quid
1104 1386 1350 1435 addextram,

231 1439 328 1491 quid
338 1440 387 1478 ad
399 1440 589 1478 sinistram
603 1441 662 1478 sit.
684 1441 795 1478 Num
806 1440 909 1478 idem
920 1440 961 1478 in
972 1440 1174 1492 Apennini
1188 1441 1351 1479 tramiti-

231 1495 304 1532 bus
311 1493 433 1532 facere
443 1494 597 1545 potero?
612 1494 652 1532 in
665 1495 818 1545 quibus,
829 1494 943 1532 etiam
952 1494 983 1532 si
994 1507 1070 1532 non
1083 1501 1194 1532 erunt
1205 1494 1352 1534 insidiae

236 1549 344 1599 (quae
361 1547 543 1586 facillime
561 1561 639 1586 esse
658 1556 867 1609 poterunt),
888 1548 1040 1586 animus
1055 1556 1183 1586 tamen
1196 1548 1266 1587 erit
1276 1549 1352 1587 sol-

231 1601 373 1647 licitus,
394 1610 438 1639 ut
457 1601 554 1639 nihil
572 1603 689 1653 possit
707 1602 754 1640 de
773 1602 904 1640 officiis
926 1602 1125 1654 legationis
1143 1602 1350 1641 attendere.

232 1655 309 1695 Sed
327 1655 445 1707 effugi
462 1655 641 1694 insidias·
673 1656 827 1708 perrupi
840 1656 1107 1708 Apenninum.
1137 1656 1322 1708 Nempe
1310 1669 1352 1694 111

233 1709 398 1748 Antonii
427 1722 670 1760 congressum
696 1710 1007 1787 colloquiumque
1029 1709 1256 1748 veniendum
1282 1717 1351 1748 est.

232 1763 409 1811 Quinam
427 1764 532 1801 locus
551 1764 747 1815 capietur?
776 1764 807 1802 si
826 1771 933 1801 extra
952 1771 1086 1811 castra,
1106 1763 1230 1802 caeteri
1248 1763 1353 1803 vide-

232 1817 334 1855 rint·
363 1830 433 1868 ego
451 1825 613 1856 mortem
633 1825 805 1856 actutum
823 1817 995 1856 futuram
1017 1825 1123 1869 puto.
1153 1817 1259 1856 Novi
1281 1818 1351 1856 ho-

232 1870 349 1909 minis
377 1871 559 1920 furorem,
590 1872 680 1910 novi
709 1872 932 1910 effrenatam
961 1871 1190 1911 violentiam
1228 1871 1352 1922 Cujus

232 1925 414 1963 acerbitas
431 1938 598 1972 morum,
618 1925 914 1987 immanitasque
925 1933 1085 1972 naturae,
1101 1937 1148 1963 ne
1163 1925 1252 1963 vino
1264 1926 1351 1977 qui-

233 1978 322 2017 dem
340 1979 532 2030 permixta
550 1980 753 2031 temperari
771 1980 890 2026 solet;
919 1979 1021 2029 hic,
1011 1992 1068 2017 ira
1081 1978 1351 2031 dementiaque

232 2033 508 2081 inflammatus,
523 2033 693 2072 adhibito
711 2034 825 2072 fratre
839 2033 976 2081 Lucio,
1001 2033 1193 2072 teterrima
1205 2034 1348 2082 bellua,

231 2099 433 2138 nunquam
453 2087 620 2138 profecto
645 2102 667 2127 a
686 2101 749 2128 me
767 2088 966 2140 sacrilegas
982 2100 1121 2127 manus
1145 2094 1261 2140 atque
1275 2088 1351 2127 im-

229 2140 312 2193 pias
331 2141 546 2181 abstinebit.
