1509 2397
369 366 440 412 IN
475 368 543 414 M.
581 367 946 416 ANTONIUM

459 475 685 526 Philippica
715 476 873 513 Octava.

189 562 223 600 Ῐ.
253 561 523 602 Coxrcsms
557 563 730 601 hesterno
766 563 827 600 die
861 570 916 601 est
944 572 1027 602 acta
1052 577 1123 609 res,
1159 564 1229 602 Cai

106 614 258 666 Pansa,
278 630 398 668 quam
429 617 647 668 postulabat
674 617 893 655 institutum
919 618 1134 656 consulatis
1158 619 1227 655 tui.

119 670 265 708 Parum
282 671 380 709 mihi
398 671 499 709 visus
519 685 557 709 es
577 684 651 718 eos,
681 672 820 723 quibus
853 671 982 709 cedere
1009 684 1085 709 non
1117 672 1229 717 soles,

114 724 314 763 sustinere.
341 725 463 768 Nam,
484 738 573 763 cum
593 728 742 763 senatus
767 739 811 763 ea
833 725 952 763 virtus
974 726 1120 774 fuisset,
1142 739 1230 777 quae

112 778 234 824 solet3
265 786 303 817 et
332 792 420 816 cum
442 792 482 817 re
501 779 670 817 viderent
698 792 829 817 omnes
861 793 938 817 esse
960 780 1120 826 bellum,
1142 780 1229 831 qui-

110 832 277 883 (lamque
294 832 334 870 id
352 834 512 871 verbum
530 833 804 871 removendum
833 834 1128 879 arbitrarentur,
1119 847 1128 856 ·
1162 842 1229 871 tua

109 886 314 924 voluntas
302 899 345 924 m
363 886 585 925 discessione
612 887 686 925 fuit
704 887 753 924 ad
770 888 966 925 lenitatem
993 900 1152 939 propen
1140 888 1226 925 ior.

109 939 227 978 Victa
240 947 297 979 est
308 939 439 991 igitur,
455 948 609 993 propter
622 955 646 979 v
648 941 728 980 erbi
741 941 996 992 asperitatem,
1012 952 1049 979 te
1062 950 1230 1002 auctore,

111 1001 240 1032 nostra
266 995 462 1033 sententia.
503 995 609 1033 Vicit
628 995 675 1033 L.
697 995 870 1044 Caesaris,
895 995 1123 1046 amplissimi
1143 996 1228 1041 vin‘,

111 1047 194 1099 qui,
214 1049 321 1086 verbi
337 1049 530 1087 atrocitate
549 1049 693 1097 demta,
712 1050 880 1088 oratione
897 1049 985 1095 fuit,
1006 1063 1123 1101 quam
1144 1062 1229 1087 sen-

109 1101 243 1150 tentia,
262 1102 396 1141 lenior.
427 1103 702 1165 Quamquam
690 1117 722 1141 15
738 1103 908 1155 quidem,
923 1111 1128 1155 antequam
1145 1115 1229 1141 sen-

111 1155 270 1194 tentiam
292 1156 444 1205 diceret,
463 1157 790 1209 propinquitatem
810 1157 1015 1195 excusavit.
1044 1157 1155 1195 Idem
1173 1157 1229 1195 fe-

103 1208 225 1270 Lcerat,
244 1223 309 1249 me
327 1211 524 1259 consule,
514 1224 555 1248 m
573 1212 707 1250 sororis
725 1211 820 1272 viro,
841 1211 945 1263 quod
968 1211 1042 1249 hoc
1059 1220 1229 1262 tempore

110 1263 152 1301 in
171 1264 306 1302 sororis
324 1265 418 1312 filio,
438 1273 482 1303 ut
501 1273 538 1303 et
563 1266 671 1303 luctu
702 1265 836 1303 sororis
865 1273 1094 1313 moveretur,
1116 1273 1152 1303 et
1171 1278 1230 1302 sa-

101 1312 182 1356 luti
199 1317 418 1370 reipublicae
435 1319 658 1370 provideret

165 1372 321 1423 Atque
310 1386 391 1424 ipse
409 1380 538 1411 tamen
566 1372 697 1412 Caesar
721 1372 900 1426 praecepit
918 1373 1024 1412 vobis
1043 1372 1228 1424 quodam-

113 1426 242 1474 modo,
269 1435 394 1477 patres
422 1427 636 1479 conscripti,
658 1440 706 1465 ne
725 1427 797 1465 sibi
815 1428 1103 1475 assentiremini,
1137 1439 1226 1467 cum

110 1481 166 1518 ita
176 1480 287 1529 dixit,
307 1481 423 1519 aliam
443 1482 669 1519 sententiam
687 1494 725 1519 se
744 1481 937 1519 dicturum
963 1482 1093 1529 fuisse,
1123 1493 1228 1518 eam-

107 1547 186 1586 que
198 1547 237 1573 se
255 1547 298 1573 ac
315 1534 510 1587 republica
528 1535 700 1586 dignam,
714 1535 787 1573 nisi
804 1535 1088 1587 propinquitate
1105 1535 1227 1585 impe-

97 1588 267 1641 ditetur.
307 1589 415 1641 Ergo
435 1590 501 1629 ille
515 1590 748 1628 avunculus:
768 1601 865 1627 num
889 1590 1003 1628 etiam
1023 1602 1088 1628 vos
1107 1602 1152 1626 av
1156 1600 1228 1625 un-

111 1643 202 1691 culi,
222 1643 291 1694 qui
304 1643 362 1681 illi
381 1644 469 1682 estis
483 1644 654 1683 assensi?

165 1697 249 1735 Α1
238 1709 279 1736 m
298 1711 375 1749 quo
392 1697 467 1736 fuit
487 1706 641 1737 (50111101
643 1698 737 1737 ersia
749 1698 767 1735 Ρ
795 1697 899 1737 Beni
922 1710 1063 1736 nomen
1081 1709 1225 1749 ponen-

96 1745 235 1790 ‘dum
224 1764 266 1789 m
293 1752 480 1791 sententia
498 1751 657 1804 quidam
675 1765 753 1791 non
770 1754 982 1805 putabant:
1013 1752 1226 1790 tumultum

109 1806 302 1858 appellare
333 1807 543 1855 malebant,
573 1807 697 1858 ignari
722 1820 801 1845 non
836 1806 952 1845 modo
984 1819 1126 1866 rerum,
1158 1804 1223 1842 sed

111 1860 227 1899 etiam
251 1862 467 1899 verborum.
506 1861 640 1900 Potest
667 1861 771 1899 enim
799 1874 878 1899 esse
900 1860 1046 1899 bellum
1065 1859 1144 1897 sine
1163 1865 1224 1895 tu-

107 1915 262 1952 multu:
292 1915 485 1953 tumultus
518 1928 596 1954 esse
622 1916 702 1953 sine
718 1916 819 1954 bello
849 1927 927 1953 non
939 1920 1075 1966 potest.
1114 1911 1222 1959 Quid

111 1976 167 2006 est
186 1969 289 2006 enim
313 1970 504 2007 tumultus
532 1969 606 2007 nisi
632 1968 866 2030 perturbatio
891 1976 1009 2013 tanta,
1030 1975 1074 2004 ut
1098 1966 1221 2014 major

111 2020 274 2075 [timor]
285 2023 462 2061 oriatur?
489 2023 593 2062 unde
611 2023 725 2061 etiam
743 2035 882 2061 nomen
905 2023 1062 2060 ductum
1083 2026 1136 2056 est
1161 2026 1224 2056 tu-

110 2076 267 2115 multus.
314 2077 452 2130 Itaque
470 2079 634 2127 majores
652 2077 772 2116 nostri
789 2077 1002 2115 tumultum
1024 2072 1220 2118 Italicum,

111 2130 214 2180 quod
243 2138 322 2170 erat
353 2131 606 2177 domesticus3
636 2132 848 2170 tumultum
881 2128 1086 2174 Gallicum,
1118 2127 1222 2178 quod

110 2191 189 2222 erat
200 2184 326 2224 Italiae
341 2185 551 2226 finitimus·
541 2214 552 2234 ‚
581 2194 761 2239 praeterea
775 2185 943 2232 nullum,
962 2180 1222 2249 nominabant.
