1509 2397
315 65 655 105 PHILIPPICA
686 67 742 106 II.
774 67 877 105 CAP.
904 69 940 104 5.
1105 64 1179 102 201

72 178 183 221 sei-te,
200 179 245 211 ut
263 172 460 211 Musteuae
478 173 651 212 Tamisio
670 181 706 212 et
725 173 862 212 Tironi
881 172 1063 211 Numisio
1080 171 1186 210 vide-

72 225 155 264 ris?
184 226 252 277 qui
273 239 361 264 cum
380 227 487 266 hoc
476 241 559 278 lpso
577 236 747 278 tempore
766 235 865 265 stent
884 240 972 265 cum
991 225 1154 278 gladiis
1144 238 1186 263 111

72 287 273 330 conspectu
286 284 450 329 senatus,
465 294 534 332 ego
553 294 706 333 quoque
724 290 761 320 te
780 281 964 318 disertum
982 281 1140 331 putabo,
1155 279 1186 317 si

71 333 288 381 ostenderis,
309 335 501 385 quomodo
520 336 568 373 sis
587 348 650 374 eos
669 335 767 373 inter
785 335 933 373 sicarios
951 334 1186 372 defensurus.

71 385 148 424 Sed
162 387 256 438 quid
268 400 435 439 opponas
451 389 618 436 tandem,
634 389 664 427 si
675 402 825 440 negem,
838 401 901 425 me
914 400 1108 464 unquam
1099 388 1189 424 istas

71 439 200 478 literas
229 441 278 479 ad
306 448 343 479 te
367 442 544 482 misisse?
574 456 650 494 quo
674 456 738 481 me
760 450 853 481 teste
879 442 1108 481 convincas?
1139 453 1189 478 an

75 493 354 556 chirographo?
389 497 430 534 in
456 510 533 558 (1110
554 497 671 535 habes
700 497 894 535 scientiam
920 503 1108 547 quaestuos
1112 507 1187 532 arn.

76 546 162 594 Qui
179 549 331 600 possis?
360 558 450 588 sunt
475 551 576 588 enim
600 551 744 588 librarii
761 563 892 588 manu.
927 550 955 588 J
958 562 1022 587 am
1040 548 1191 586 inxideo

76 602 260 652 magistro
283 610 364 651 tuo,
389 604 459 655 qui
483 612 534 653 te,
554 604 658 642 tanta
683 604 869 653 mercede,
899 610 1083 655 quantam
1109 604 1192 652 jam

77 656 283 706 proferam,
307 658 404 696 nihil
422 672 550 710 sapere
568 658 707 697 docuit.

136 709 244 757 Quid
266 711 369 749 enim
388 719 442 750 est
460 713 603 760 minus,
619 725 696 751 non
711 713 794 750 dico
807 712 976 758 oratoris,
991 711 1056 750 sed
1068 710 1194 748 homi-

80 762 155 812 nis,
183 778 300 825 quam
319 765 359 803 id
381 766 542 816 objicere
566 767 793 814 adversario,
814 766 917 827 quod
940 765 1005 803 ille
1032 765 1062 803 si
1081 765 1195 802 verbo

79 818 243 868 negarit,
263 819 415 870 longius
441 820 618 881 progredi
641 833 718 858 non
743 821 873 871 possit,
895 819 963 880 qui
984 818 1194 868 objecerit?

80 871 141 909 At
158 885 228 922 ego
245 885 322 911 non
337 885 458 924 nego:
480 882 592 925 teque
605 874 647 911 in
657 874 729 912 isto
740 874 822 925 ipso
835 873 1030 935 convinco,
1044 885 1122 910 non
1136 872 1196 908 111-

81 924 331 965 humanitatis
349 928 489 976 solum,
514 928 579 966 sed
598 928 712 966 etiam
731 927 917 965 amentiae.
957 926 1075 974 Quod
1094 925 1198 963 enim

81 981 271 1017 verbum
259 993 299 1018 in
326 981 406 1019 istis
424 982 541 1020 literis
561 990 629 1029 est,
653 995 731 1020 non
748 983 909 1042 plenum
932 979 1197 1027 humanitatis,

81 1032 207 1082 officii,
227 1036 518 1074 benevolentiae.
508 1037 525 1059 '²
555 1036 685 1075 Omne
703 1044 832 1074 autem
847 1036 989 1073 crimen
1001 1042 1114 1072 tuum
1129 1041 1198 1081 est,

83 1087 189 1138 quod
207 1088 254 1127 de
273 1096 310 1127 te
327 1089 368 1127 in
392 1090 451 1128 his
470 1091 587 1129 literis
606 1103 684 1128 non
703 1091 804 1128 male
823 1090 1064 1134 existimem,
1095 1062 1200 1139 quod

84 1141 246 1181 scribam
260 1150 459 1195 tamquam
474 1145 523 1182 ad
541 1144 676 1192 civem,
696 1152 894 1194 tamquam
915 1143 964 1181 ad
982 1144 1128 1181 bonum
1143 1142 1199 1180 vi-

83 1207 186 1244 rum,
200 1209 275 1235 non
288 1204 488 1249 tamquam
501 1199 549 1236 ad
561 1199 784 1237 sceleratum
797 1206 834 1236 et
844 1198 1042 1235 latronem.
1057 1196 1116 1234 At
1131 1208 1202 1246 ego

87 1255 171 1287 tuas
199 1250 327 1289 literas
358 1252 444 1294 (etsi
469 1253 555 1301 jure
579 1260 766 1303 poteram,
790 1266 813 1289 a
849 1259 886 1290 te
911 1251 1120 1297 lacessitus)
1144 1256 1202 1287 ta-

88 1314 177 1341 men
197 1317 274 1342 non
292 1305 481 1356 proferam
498 1320 510 1351 3
541 1306 680 1356 quibus
698 1306 808 1357 petis,
832 1313 873 1343 ut
898 1305 967 1343 tibi
989 1318 1056 1355 per
1074 1316 1137 1340 me
1154 1303 1203 1340 11-

89 1364 172 1394 ceat
190 1358 398 1409 quemdam
416 1359 463 1397 de
482 1360 613 1398 exsilio
628 1360 825 1405 reducere3
847 1359 1089 1409 adjurasque,
1097 1357 1138 1395 id
1149 1364 1201 1404 te,

88 1409 208 1449 invito
222 1424 299 1459 me,
315 1425 392 1450 non
412 1425 489 1451 esse
506 1413 722 1451 facturum:
752 1413 869 1464 idque
888 1426 910 1450 3
928 1425 991 1450 1110
1009 1413 1202 1462 impetras.

91 1463 199 1511 Quid
213 1466 315 1503 enim
333 1479 397 1504 me
413 1466 691 1518 interponerem
711 1467 877 1506 audaciae
891 1475 981 1513 tuae,
1003 1479 1121 1517 quam
1139 1477 1208 1502 ne-

92 1531 168 1569 que
190 1520 391 1558 auctoritas
412 1520 529 1570 hujus
553 1521 709 1569 ordinis,
738 1534 862 1572 neque
888 1519 1115 1558 existimatio
1136 1531 1208 1569 po-

92 1572 177 1623 puli
205 1573 389 1623 Romani,
415 1586 539 1625 neque
568 1576 671 1626 leges
703 1575 794 1612 ullae
825 1582 977 1626 possent
1006 1577 1200 1611 00010010
1188 1572 1206 1596 ‘³

93 1625 374 1666 Verumtamen
399 1628 493 1679 quid
508 1636 600 1676 erat,
628 1629 732 1680 quod.
750 1642 812 1666 me
830 1641 994 1679 rogQares
1012 1627 1043 1665 51
1062 1635 1142 1664 erat
1159 1626 1207 1673 is,

95 1679 143 1717 de
158 1693 234 1731 quo
251 1683 425 1742 rogabas,
447 1682 604 1720 Caesaris
615 1682 698 1733 lege
711 1682 914 1720 reductus?
948 1682 1024 1721 Sed
1037 1680 1211 1719 videlicet

96 1746 224 1772 meam
242 1735 405 1786 gratiam
424 1736 544 1774 voluit
563 1750 666 1782 esse;
695 1736 736 1773 in
755 1749 833 1787 quo
850 1749 898 1774 ne
915 1736 1035 1788 ipsius
1053 1734 1210 1786 quidem

96 1787 179 1825 ulla
197 1796 344 1840 poterat
358 1803 451 1837 esse,
470 1790 555 1841 lege
571 1790 660 1828 lata.

147 1842 202 1880 V.
233 1843 309 1881 Sed
328 1856 416 1881 cum
427 1844 538 1890 mihi,
553 1852 678 1895 patres
693 1844 908 1895 conscripti,
925 1851 962 1882 et
972 1857 1041 1895 pro
1058 1856 1123 1880 me
1141 1841 1213 1879 ali-

99 1895 208 1947 quid,
221 1903 258 1934 et
272 1896 312 1934 in
325 1897 386 1935 M.
395 1898 615 1936 Antonium
625 1899 749 1936 multa
762 1898 921 1937 dicenda
935 1898 1010 1935 sint
1022 1911 1034 1942 ς
1049 1897 1213 1934 alterum

98 1957 188 2000 peto
207 1963 230 1988 a
243 1950 363 1998 vobis,
383 1959 427 1989 ut
444 1965 521 1999 me,
541 1965 611 2003 pro
629 1965 692 1990 me
717 1953 918 1998 dicentem,
938 1951 1129 2002 benigne;
1158 1949 1214 1986 al-

100 2010 227 2042 terum
245 2004 327 2056 ipse
345 2005 520 2053 efficiam,
541 2014 598 2053 ut,
614 2014 745 2044 contra
761 2006 874 2044 illum
889 2019 978 2044 cum
997 2005 1137 2050 dicam,
1157 2009 1216 2041 at-

101 2063 204 2095 tente
234 2058 406 2097 audiatis.
444 2060 572 2098 Simul
592 2059 691 2099 illud
719 2073 810 2098 oro:
841 2060 873 2098 si
896 2072 1038 2106 meam,
1059 2071 1148 2096 cum
1172 2057 1215 2094 in

104 2111 210 2148 omni
220 2112 312 2159 vita,
325 2120 411 2151 tum
424 2113 465 2151 in
477 2113 649 2160 dicendo,
664 2113 963 2152 moderationem
974 2112 1217 2151 modestiam-

105 2175 180 2216 que
198 2166 399 2217 cognostis,
419 2180 467 2206 ne
485 2180 548 2206 me
565 2167 691 2217 hodie,
714 2181 803 2206 cum
821 2167 897 2214 isti,
925 2175 969 2206 ut
986 2164 1219 2218 provocavit,
