1509 2397
303 67 357 103 44
574 63 640 103 IN
668 63 941 104 PISONEM.
971 63 1157 102 01315.

291 171 380 210 ariis
395 171 480 223 (qui
498 171 592 220 dies,
612 179 697 223 post
710 171 860 210 obitum
873 183 1124 222 occasumque
1136 179 1326 218 nostrum,
1338 169 1413 209 rei-

291 226 457 277 publicae
474 226 622 276 primus
636 225 782 271 illuxit)
796 225 1127 276 frequentissimus
1141 232 1308 271 senatus,
1321 236 1411 262 con-

291 292 404 317 cursu
441 279 580 325 Italiae,
607 279 791 317 referente
820 279 1026 317 clarissimo
1062 286 1178 329 atque
1201 277 1410 316 fortissimo

292 333 387 379 viro,
408 332 454 369 P.
477 332 656 380 Lentulo,
686 333 940 370 consentiente
963 332 1106 383 populo
1132 332 1324 378 Romano,
1350 338 1413 371 at-

292 399 369 438 que
386 386 465 423 una
493 399 583 424 voce
607 386 805 425 revocavit.
859 386 931 424 Me
961 385 1063 423 idem
1089 393 1241 424 senatus
1262 385 1410 434 *exteris

291 439 523 486 nationibus,
539 452 603 477 me
619 440 753 489 legatis
769 439 1132 490 magistratibusque
1149 438 1410 485 nostris,.auc-

291 493 441 531 toritate
461 494 543 540 sua,
564 493 823 531 consularibus
846 493 977 539 literis,
1000 505 1077 530 non
1097 496 1158 534 (ut
1183 500 1226 530 tu
1246 492 1412 530 Insuber

292 547 417 584 dicere
441 560 555 585 ausus
574 555 629 593 es)
649 548 825 584 orbatum
847 546 985 597 patria,
1005 546 1071 584 sed
1090 550 1152 588 (ut
1169 553 1321 584 senatus
1339 545 1412 583 illo

290 600 374 651 ipso
392 607 562 651 tempore
583 599 805 651 appellavit)
825 601 946 638 civem
965 607 1262 638 conservatorem
1279 599 1410 650 reipu-

291 654 414 701 blicae,
435 653 724 691 commendavit.
753 653 822 691 Ad
835 666 963 692 meam
973 653 1088 691 unius
1103 653 1280 700 salutem,
1300 665 1409 691 sena-

290 713 354 745 tus
372 708 562 744 auxilium
588 707 763 745 omnium
788 706 930 745 civium
955 707 1091 745 cuncta
1115 719 1164 744 ex
1189 706 1320 755 Italia,
1339 705 1410 758 qui

289 761 567 821 rempublicam
587 761 730 798 salvam
749 773 828 798 esse
846 761 1000 807 vellent,
1016 760 1180 798 consulis
1200 772 1289 798 voce
1307 768 1344 798 et
1359 759 1410 797 11-

289 815 378 852 teris
413 814 699 864 implorandum
735 813 895 865 putavit.
950 813 1036 852 Mei
1067 813 1199 874 capitis
1234 813 1409 852 servandi

289 880 417 914 causa,
441 868 607 905 Romam
626 880 704 905 uno
719 875 903 918 tempore,
923 867 1034 918 quasi
1052 868 1161 918 signo
1173 867 1276 914 dato,
1293 867 1411 905 Ι13113

287 928 369 959 tota
381 921 567 959 convenit.
596 920 658 959 De
670 921 757 959 mea
772 922 907 966 salute,
926 921 971 958 P.
988 921 1159 967 Lentuli,
1175 920 1409 971 praestantis-

288 974 377 1013 simi
394 974 466 1012 viri
484 982 599 1025 atque
618 975 753 1025 optimi
772 975 948 1022 consulis,
977 974 1049 1012 Cn.
1071 974 1260 1025 Pompeii,
1281 973 1410 1011 claris-

287 1028 376 1066 simi
397 1037 513 1079 atque
537 1028 776 1066 invictissimi
804 1028 910 1072 civis,
941 1035 1238 1078 caeterorumque
1266 1027 1408 1078 princi-

285 1094 396 1132 pum,
417 1082 669 1119 celeberrimae
698 1090 734 1119 et
762 1081 985 1132 gratissimae
1014 1081 1209 1119 conciones
1235 1080 1406 1118 fuerunt.

286 1134 352 1172 De
368 1147 432 1172 me
450 1143 601 1173 senatus
618 1135 672 1172 ita
687 1135 863 1195 decrevit,
884 1134 956 1172 Cn.
978 1134 1163 1185 Pompeio
1183 1142 1347 1182 auctore,
1367 1141 1406 1172 et

284 1189 368 1237 ejus
393 1189 588 1226 sententiae
614 1188 797 1239 principe,
817 1196 876 1236 ut,
896 1188 927 1226 si
952 1188 1038 1239 quis
1065 1188 1288 1239 impedisset
1319 1187 1405 1225 red-

286 1241 388 1280 itum
415 1255 562 1289 meum,
588 1242 630 1280 in
658 1242 828 1280 hostium
853 1253 1014 1280 numero
1032 1249 1254 1293 putaretur:
1283 1241 1407 1292 iisque

284 1295 408 1334 verbis
426 1309 471 1333 ea
488 1295 536 1333 de
560 1308 624 1333 me
648 1298 799 1333 senatus
827 1295 1028 1334 auctoritas
1053 1295 1241 1333 declarata
1269 1302 1339 1342 est,
1360 1301 1406 1332 ut

283 1349 430 1387 nemim
441 1349 489 1387 sit
499 1349 720 1400 triumphus
731 1348 1054 1396 honorificentius,
1064 1361 1182 1400 quam
1193 1348 1292 1386 mihi
1302 1348 1406 1386 salus

283 1403 547 1454 restitutioque
573 1403 793 1454 perscripta.
836 1402 900 1440 De
924 1415 1002 1450 me,
1023 1415 1111 1441 cum
1130 1414 1262 1440 omnes
1281 1401 1407 1452 magi-

285 1462 425 1494 stratus
436 1457 756 1508 promulgassent,
771 1464 908 1507 praeter
921 1469 1046 1493 unum
1059 1463 1274 1516 praetorem,
1288 1469 1311 1493 3
1324 1467 1403 1506 quo

280 1521 358 1548 non
377 1509 452 1547 fuit
469 1510 758 1561 postulandum,
777 1510 936 1548 fratrem
963 1509 1110 1547 1111111101
1127 1509 1219 1556 mei,
1247 1516 1404 1561 praeter-

284 1576 360 1623 que
378 1563 474 1601 duos
492 1563 540 1600 de
557 1563 685 1614 lapide
696 1570 815 1601 emtos
830 1563 1001 1602 tribunos
1013 1562 1150 1614 plebis,
1163 1563 1286 1613 legem
1298 1574 1405 1600 com·

283 1616 361 1654 itiis
380 1616 597 1654 centuriatis
626 1617 715 1654 tulit
734 1617 780 1654 P.
801 1617 993 1655 Lentulus
1014 1616 1146 1654 consul
1172 1616 1220 1654 de
1247 1615 1402 1666 collegae

284 1669 336 1716 Q.
361 1669 514 1708 Metelli
543 1670 752 1715 sententia3
783 1683 898 1721 quem
928 1682 1083 1708 mecum
1111 1669 1243 1707 eadem
1269 1681 1403 1720 respu-

283 1723 398 1770 blica,
418 1736 505 1774 quae
521 1722 562 1761 in
590 1723 787 1760 tribunatu
814 1725 895 1772 ejus
922 1724 1172 1773 disjunxerat,
1197 1723 1238 1760 in
1266 1735 1404 1761 eonsu-

282 1775 379 1824 latu,
400 1777 539 1815 virtute
565 1776 702 1828 optimi
729 1789 772 1814 ac
797 1777 998 1826 justissimi
1020 1777 1106 1825 viri,
1125 1776 1401 1828 sapientiaque,

281 1830 493 1879 conjunxit.

336 1883 437 1931 Quae
454 1884 520 1922 lex
537 1882 863 1935 quemadmodum
888 1890 1042 1935 accepta
1067 1883 1130 1944 sit,
1149 1883 1244 1934 quid
1261 1895 1328 1921 me
1341 1890 1403 1921 at-

279 1936 376 1975 tinet
407 1937 562 1976 dicere?
592 1937 658 1974 Ex
682 1937 788 1975 vobis
817 1937 945 1985 audio,
979 1937 1126 1976 1181111111
1154 1937 1227 1975 civi
1257 1937 1396 1984 ullam,

279 1990 486 2042 quominus
515 1991 673 2036 adesset,
707 1990 798 2028 satis
824 1992 971 2039 justam
1007 1990 1293 2030 excusationem
1319 2001 1398 2027 esse

277 2056 398 2082 visam
412 2058 423 2088 ς
454 2045 571 2082 nullis
584 2043 746 2082 comitiis
764 2056 953 2094 unquam,
969 2056 1095 2095 neque
1106 2043 1400 2082 multitudinem

277 2096 482 2136 hominum
500 2105 661 2144 tantam,
686 2109 811 2148 neque
835 2097 1130 2148 splendidiorem
1154 2097 1296 2136 fuisse:
1325 2095 1400 2134 hoc

277 2159 375 2190 certe
393 2151 518 2201 video,
549 2150 656 2203 quod
681 2150 854 2190 indicant
881 2151 1023 2190 tabulae
1051 2150 1230 2203 publieae,
1249 2162 1317 2188 vos
1334 2160 1405 2196 ro-,
