1509 2397
302 61 648 102 PHILIPPICA
677 61 807 102 XIII.
837 61 945 103 CAP.
980 62 1043 101 19.
1166 61 1247 106 387

108 170 223 211 nobis
238 170 431 211 futurum.
461 171 502 213 Ο
521 172 752 224 praeclarum
780 171 961 210 lucrum!
993 183 1087 223 quo,
1107 176 1147 209 te
1171 169 1252 209 vic-

108 232 207 274 tore,
238 226 363 279 (quod
380 227 451 266 Dii
469 239 584 266 omen
609 234 784 265 avertant
800 227 831 274 l)
860 227 973 265 beata
991 238 1097 265 mors
1115 236 1251 265 eorum

107 279 243 320 futura
261 281 324 331 sit,
345 282 415 335 qui
434 295 455 320 e
474 282 554 321 vita
573 281 802 320 excesserint
821 281 903 320 sine
921 280 1133 319 tormentis.

161 336 203 375 A
223 348 289 375 me
307 336 487 390 deceptos
506 337 561 376 ait
589 335 734 376 eisdem
756 336 993 375 ornamentis
1012 335 1192 374 Hirtium
1212 341 1251 373 et

108 389 316 430 caesarem.
345 391 481 441 Quod,
513 404 658 444 quw,
686 390 813 430 adhuc
832 404 856 428 a
880 403 944 429 me
972 398 1028 429 est
1058 390 1251 428 tributum

106 444 240 485 Hirtio
265 455 575 486 ornamentum.
605 459 699 485 nam
725 445 869 485 Caesari
891 446 1007 497 plura
1039 453 1077 483 et
1102 445 1253 494 majora

105 499 308 542 debentur.
338 501 563 554 Deceptum
589 510 722 540 autem
745 510 896 553 patrem
925 514 949 538 a
972 513 1037 539 me
1056 499 1087 538 C
1092 511 1251 537 8501001

105 554 231 595 dicere
250 556 402 597 audes?
432 557 515 605 Tu,
542 564 602 605 tu,
634 557 812 608 inquam,
841 555 956 594 illum
974 554 1146 594 occidisti
1164 553 1250 591 Lu-

102 611 349 662 percalibus:
392 613 518 663 cujus,
557 611 676 651 homo
714 610 989 663 ingratissime,
1027 608 1249 648 flaminium
1270 607 1275 610 ”

102 677 173 704 cur
191 666 418 719 reliquisti?
448 666 526 707 Sed
551 667 637 717 jam
665 666 792 705 videte
819 665 954 718 magni
985 672 1024 704 et
1054 663 1148 704 clari
1176 662 1250 703 viri

102 719 376 762 admirabilem
395 723 625 774 gravitatem
645 729 763 774 atque
778 720 1048 760 constantiam.

158 775 318 815 “Mihi
338 777 498 830 quidem
522 784 684 823 constat,
704 789 775 815 nec
800 789 927 814 meam
952 773 1247 821 contumeliam,

102 841 173 869 nec
187 843 382 881 meorum,
402 831 530 878 ferre;
562 844 632 870 nec
652 831 823 870 deserere
843 838 986 882 partes,
1008 842 1106 881 quas
1128 828 1250 867 Pom·

99 884 212 937 peius
224 885 371 932 odivit;
403 899 473 925 nec
488 895 688 925 ieteranos
708 886 866 925 sedibus
883 886 961 924 suis
977 883 1123 923 moveri
1137 882 1247 935 pati;

101 951 172 979 nec
197 940 371 993 singulos
396 941 446 980 ad
465 941 681 980 cruciatum
708 941 838 987 trahi;
870 952 940 978 nec
959 939 1092 978 fallere
1112 938 1249 986 fidem,

100 1007 223 1047 quam
252 996 342 1035 dedi
362 995 621 1036 Dolabellae”
652 995 808 1036 Omitto
837 995 938 1034 0110.
971 993 1137 1032 “fidem
1162 991 1250 1031 Do·

98 1049 297 1096 labellae,”
327 1051 557 1090 sanctissimi
587 1051 674 1100 viri,
701 1050 876 1090 (10501010
900 1050 1019 1088 homo
1054 1049 1143 1101 pius
1169 1059 1248 1086 non

99 1113 237 1156 potest.
268 1104 405 1154 Quam
443 1106 594 1146 fidem?
626 1119 677 1144 an
714 1105 854 1158 01101111
892 1106 1082 1157 cujusque
1115 1102 1246 1151 caedis,

99 1159 220 1199 Urbis
240 1168 278 1200 et
298 1159 423 1200 Italia:
443 1161 689 1214 partitionis3
720 1160 800 1199 suis
820 1159 1038 1199 dandarum
1065 1158 1251 1211 diripien-

97 1213 318 1268 datumque
330 1216 655 1269 provinciarum.
685 1228 778 1254 nam
794 1214 890 1268 quid
905 1223 987 1254 erat
1006 1213 1129 1276 aliud,
1142 1211 1250 1266 quod

97 1269 201 1310 inter
219 1271 444 1310 Antonium
471 1279 508 1310 et
529 1271 794 1319 Dolabellam,
818 1269 1104 1323 impurissimos
1121 1267 1250 1322 parri-

100 1324 221 1374 cidas,
243 1325 385 1366 foedere
404 1340 448 1365 ac
468 1326 544 1365 fide
563 1326 799 1366 sanciretur.
789 1327 807 1354 9

153 1381 291 1454 “”Νο0
322 1381 465 1434 Lepidi
490 1381 709 1420 societatem
736 1380 894 1427 violare,
922 1378 1090 1432 piissimi
1116 1377 1247 1418 homi-

192 1435 329 1477 T'ibi
348 1449 441 1476 cum
473 1436 626 1488 Lepido
650 1436 822 1483 societas,
843 1443 911 1474 aut
929 1447 1021 1474 cum
1051 1433 1149 1482 uuo,
1170 1445 1249 1472 non

99 1489 228 1530 dicam
258 1492 362 1531 bono
395 1491 470 1530 civi
502 1492 620 1535 (sicut
639 1492 706 1530 ille
730 1499 819 1539 est),
852 1489 918 1530 sed
941 1489 1100 1529 homine
1118 1501 1240 1527 5000.
1228 1489 1248 1515 9

100 1542 150 1585 Id
169 1546 267 1598 0315,
289 1554 333 1585 ut
346 1546 546 1599 Lepidum
559 1554 628 1585 aut
641 1546 810 1599 impium
827 1554 895 1584 aut
914 1545 1097 1583 insanum
1117 1542 1251 1582 existi

97 1601 199 1641 mari
218 1601 326 1640 velis.
357 1601 473 1641 Nihil
493 1602 589 1653 0315.
616 1600 875 1662 Quamquam
901 1599 1095 1639 affirmare
1122 1598 1171 1637 de
1191 1599 1251 1637 al-

96 1662 179 1695 tero
198 1655 354 1696 difficile
368 1664 440 1706 est,
455 1656 504 1696 de
524 1657 676 1709 Lepido
690 1656 920 1708 praesertim,
937 1667 1056 1707 quem
1072 1666 1145 1706 ego
1163 1666 1248 1693 me-

96 1718 207 1752 tuam
232 1724 454 1764 nunquam,
484 1713 581 1751 bene
612 1713 790 1764 sperabo,
817 1710 915 1749 dum
941 1709 1085 1749 licebit.
1115 1709 1248 1748 Revo-

96 1779 184 1809 oere
201 1774 240 1806 te
257 1779 282 1806 a
298 1766 430 1806 furore
450 1766 627 1820 Lepidus
646 1766 784 1815 voluit,
805 1778 884 1805 non
904 1764 1059 1815 adjutor
1078 1777 1160 1803 oese
1178 1763 1248 1804 de-

97 1821 269 1862 mentiae.
299 1822 368 1862 Tu
396 1835 512 1875 porro
542 1835 591 1861 00
621 1822 706 1875 Ρ105
734 1820 909 1874 quidem,
945 1819 1011 1859 sed
1037 1819 1249 1882 piissimos,

97 1876 268 1929 quaeris.
300 1885 352 1925 et,
374 1877 481 1930 quod
501 1879 664 1916 verbum
684 1876 846 1916 omnino
865 1875 1023 1914 nullum
1049 1875 1090 1913 in
1109 1874 1251 1927 lingua

99 1931 245 1972 Latina
263 1940 334 1981 est,
354 1932 410 1981 id,
431 1940 589 1985 propter
617 1940 727 1971 tuam
752 1931 927 1971 divinam
953 1930 1156 1984 pietatem,
1176 1942 1249 1969 no-

98 1999 194 2028 vum
213 1987 379 2027 inducis.

149 2044 180 2065 “
201 2041 288 2082 Nec
308 2042 502 2082 Plancum
514 2042 691 2096 prodere,
704 2041 932 2095 participem
947 2038 1245 2080 consiliorumfl

100 2095 296 2137 Plancum
321 2098 586 2151 participem?
616 2099 730 2148 cujus
758 2096 1023 2137 memorabilis
1050 2109 1094 2135 ac
1117 2094 1251 2134 divina

99 2151 224 2192 virtus
241 2152 370 2193 lucan
389 2153 501 2193 affert
519 2153 775 2206 reipublicae,
806 2151 898 2196 (nisi
917 2151 1016 2192 forte
1036 2163 1129 2190 euni
1159 2151 1253 2190 sub-

99 2205 199 2248 sidio
216 2207 289 2248 tibi
307 2207 438 2249 venire
457 2207 655 2248 arbitraris
669 2221 760 2248 cum
774 2206 997 2248 fortissimis
1015 2205 1251 2259 legionibus,
