1509 2397
258 80 375 120 PRO
404 79 652 120 MILONE.
701 79 1049 118 ARGUMENT.
1161 81 1211 126 53

87 197 150 229 tus
186 195 256 236 est,
292 190 503 241 multisque
543 188 765 228 vulneribus
795 188 1000 227 confectus.
1041 188 1213 228 Cadaver

89 245 186 292 ejus,
213 243 254 280 in
279 243 341 281 via
371 244 562 290 relictum,
591 242 700 293 (quia
729 242 825 280 servi
852 243 978 280 Llodii
1008 252 1075 281 aut
1103 244 1199 282 occis
1194 245 1213 282 1

86 304 207 343 erant,
227 305 295 335 aut
319 298 483 348 graviter
494 297 611 335 saucii
629 297 815 341 latebant)
835 297 923 335 Sex.
945 297 1091 335 Tedius
1103 310 1212 336 sena-

86 359 159 398 tor,
180 351 249 403 qui
270 351 368 390 forte
387 365 435 389 ex
454 364 542 388 rure
559 351 600 388 in
620 351 767 388 Urbem
795 352 1064 398 revertebatur,
1087 361 1213 390 sustu-

87 404 146 451 lit,
167 414 204 443 et
232 405 366 443 lectica
399 405 469 443 sua
496 406 666 443 Romam
692 404 781 442 ferri
802 405 939 453 jussit:
970 405 1050 455 ipse
1083 418 1213 444 rursus

87 459 235 507 eodem,
256 459 359 497 unde
378 468 544 504 venerat,
565 471 739 509 gressum
759 459 910 510 recepit.
942 459 1142 497 Perlatum
1155 468 1210 498 est

86 526 222 564 corpus
242 512 368 551 Clodii
382 521 470 551 ante
487 514 653 564 primam
669 512 787 550 noctis
800 513 934 550 horam
949 528 959 550 ε
990 512 1210 565 infimaeque

86 567 209 618 plebis
229 575 265 605 et
285 580 479 605 servorum
509 567 680 604 maxima
701 566 910 605 multitudo
940 579 1081 618 magno
1099 568 1208 606 luctu

84 634 221 673 corpus
231 621 272 659 in
288 622 383 660 atrio
398 622 533 660 domus
546 621 716 673 positum
736 621 994 659 circumstetit.
1024 621 1210 672 Augebat

86 683 218 714 autem
237 675 327 714 facti
351 675 535 713 invidiam
555 688 653 713 uxor
674 675 800 714 Clodii
828 675 980 723 Fulvia,
1002 688 1102 726 quae,
1124 689 1214 714 cum

86 729 208 768 effusa
233 730 522 777 lamentatione,
544 730 702 767 vulnera
720 730 802 778 ejus
821 729 1053 767 ostendebat.
1084 730 1216 791 Major

83 784 237 835 postera
269 784 330 822 die
359 785 444 822 luce
474 784 602 835 prima
629 783 841 821 multitudo
862 783 1032 833 ejusdem
1065 784 1214 835 generis

85 838 295 883 confluxit,
326 838 618 889 compluresque
637 838 718 875 noti
739 837 914 875 homines
934 837 1016 875 elisi
1035 845 1138 885 sunt,
1153 838 1214 875 in-

84 898 141 930 ter
169 905 265 944 quos
291 892 336 930 C.
363 892 554 931 Vibienus
583 900 742 930 senator.
775 889 894 940 [Erat
913 892 1050 930 domus
1070 892 1210 939 Clodii,

83 953 172 984 ante
190 959 330 998 paucos
348 959 497 985 menses
523 957 625 984 emta
644 946 691 984 de
711 946 771 983 M.
794 948 950 993 Scauro,
971 947 1011 983 in
1028 946 1212 998 Palatia]

85 999 237 1039 Eodem
253 1000 460 1039 Munatius
477 1001 659 1048 Plancus,
680 1000 795 1037 frater
816 999 863 1037 L.
886 1001 1021 1038 Planci
1039 1001 1211 1046 oratoris,

85 1062 123 1093 et
141 1054 193 1103 Q.
216 1055 425 1106 Pompeius
446 1055 589 1101 Rufus,
621 1055 740 1093 Sullae
768 1054 956 1092 dictatoris
977 1068 1024 1092 ex
1044 1053 1123 1091 fih'a
1145 1067 1212 1093 ne-

84 1121 169 1161 pes,
193 1109 338 1147 tribuni
356 1109 493 1171 plebis,
509 1116 775 1147 accurrerunt:
807 1108 936 1160 eisque
955 1109 1122 1146 hortanti
1124 1111 1210 1156 bus,

82 1163 246 1214 vulgus
236 1164 462 1215 imperitum
481 1176 617 1214 corpus
636 1163 801 1209 nudum,
813 1163 1037 1210 calceatum,
1053 1163 1150 1201 sicut
1168 1164 1209 1200 111

84 1218 182 1256 lecto
201 1225 282 1256 erat
305 1218 492 1269 positum,
516 1226 561 1255 ut
586 1217 744 1255 vulnera
763 1217 882 1254 videri
900 1225 1067 1268 possent,
1088 1217 1128 1254 in
1154 1218 1212 1255 fo-

85 1285 173 1310 rum
189 1271 340 1320 detulit,
357 1280 394 1309 et
417 1272 457 1309 in
477 1271 626 1310 Rostris
650 1271 789 1322 posuit.
832 1271 908 1318 Ibi,
930 1284 998 1322 pro
1017 1272 1210 1319 concione,

87 1327 256 1364 Plancus
288 1333 326 1363 et
353 1325 578 1376 Pompeius,
611 1325 679 1376 qui
708 1325 1022 1376 competitoribus
1049 1325 1212 1363 Milonis

84 1379 304 1422 studebant,
324 1379 510 1417 invidiam
530 1378 674 1416 Miloni
692 1379 874 1417 fecerunt.
905 1379 1094 1430 Populus,
1115 1379 1212 1418 duce

84 1435 174 1473 Sex.
206 1433 343 1472 Clodio
362 1432 496 1479 scriba,
517 1445 654 1484 corpus
674 1433 720 1470 P.
742 1432 867 1471 Clodii
885 1432 925 1470 in
945 1433 1091 1470 curiam
1109 1433 1214 1471 intu-

84 1489 145 1536 lit,
162 1488 420 1539 cremavitque
432 1487 633 1534 subselliis,
655 1494 692 1525 et
707 1486 977 1533 tribunalibus,
999 1495 1037 1524 et
1055 1487 1211 1535 mensis,

86 1550 123 1581 et
142 1541 334 1581 codicibus
359 1542 629 1579 librariorum:
659 1553 737 1592 quo
769 1541 858 1591 igne
882 1548 917 1578 et
946 1541 1029 1592 ipsa
1059 1554 1214 1593 quoque

85 1597 191 1636 curia
216 1595 415 1647 flagraviu
446 1604 484 1633 et
505 1596 599 1633 item
625 1594 761 1633 Porcia
783 1595 950 1640 basilica,
971 1608 1058 1646 quae
1078 1604 1158 1633 erat
1176 1595 1211 1633 ei

81 1652 230 1712 Juncta,
251 1651 428 1688 ambusta
447 1656 514 1688 est.
544 1649 721 1687 Domum
741 1662 894 1700 quoque
913 1649 976 1687 M.
999 1648 1140 1701 Lepidi
1153 1649 1213 1687 in-

87 1704 244 1756 ten-egis
256 1705 309 1747 (15
328 1704 429 1742 enim
450 1704 698 1755 magistratus
718 1703 860 1742 curulis
879 1712 959 1741 erat
978 1711 1156 1750 creatus),
1177 1711 1215 1742 et

86 1758 252 1798 absentis
276 1758 454 1813 Milonis,
476 1758 608 1796 eadem
627 1758 694 1796 illa
712 1757 898 1796 Clodiana
916 1757 1127 1796 multitudo
1146 1771 1215 1810 op-

87 1812 299 1865 pugnavit,
330 1812 468 1850 deinde
493 1813 641 1863 sagittis
659 1812 810 1863 repulsa
835 1819 900 1850 est.
944 1811 1052 1851 Tum
1078 1812 1213 1859 fasces,

89 1880 137 1906 ex
154 1868 251 1905 lecto
271 1866 454 1905 Libitinae
473 1874 615 1918 raptos,
636 1866 765 1904 attulit
779 1866 828 1904 ad
847 1865 1007 1904 domum
1027 1866 1214 1917 Scipionis

87 1928 127 1960 et
141 1921 317 1973 Hypsaei,
338 1920 475 1959 deinde
493 1920 542 1958 ad
560 1921 688 1958 hortos
709 1920 781 1958 Cn.
804 1920 995 1971 Pompeii,
1011 1920 1214 1959 clamitans

88 1988 180 2014 eum
198 1975 313 2014 modo
329 1975 542 2023 consulem,
562 1975 678 2013 modo
697 1974 932 2012 dictatorem.

143 2029 374 2068 Incendium
404 2028 520 2067 curiae
553 2030 741 2079 majorem
765 2029 964 2080 aliquanto
985 2027 1219 2080 indignatio-

87 2095 180 2122 nem
193 2083 354 2122 civitatis
373 2090 559 2133 moverat,
575 2096 694 2145 quam
712 2082 924 2121 interfectio
944 2083 1082 2121 Clodii.

147 2138 285 2198 Itaque
305 2136 421 2185 Milo,
442 2149 560 2188 quem
579 2137 708 2203 opinio
727 2137 880 2176 fuerat'
870 2137 982 2176 ivisse
1013 2137 1054 2175 in
1082 2136 1222 2175 volun-

91 2190 246 2230 tarium
267 2190 464 2239 exsilium,
501 2190 647 2231 invidia
677 2191 981 2232 adversariorum
1017 2198 1218 2235 recreatus,

146 2245 304 2293 (Orat.)
326 2256 520 2286 vo1.1v.
917 2257 949 2285 11
