1509 2397
373 94 485 135 PRO
517 93 764 134 MILONE.
797 94 901 133 CAP.
934 96 996 133 21).
1167 96 1241 133 109

124 214 364 243 summorum
394 204 668 255 imperatorum
697 203 922 242 clarissimas
950 203 1122 241 victorias
1154 211 1244 241 aetas

123 267 254 297 nostra
271 258 380 304 vidit,
400 270 566 309 quarum
585 257 694 295 nulla
712 269 836 308 neque
855 265 935 295 tam
955 256 1176 295 diuturnam
1189 266 1247 296 at-

125 312 215 350 tulit
232 311 420 357 laetitiam,
440 324 510 350 nec
529 318 689 350 tantam.

181 365 370 404 Mandate
383 365 455 404 hoc
474 365 681 412 memoriae,
700 364 858 414 judices.
901 365 1021 416 Spero
1039 364 1164 403 multa
1182 377 1250 402 vos

126 419 341 471 liberosque
359 426 501 458 vestros
519 419 558 456 in
580 419 776 470 republica
794 420 896 457 bona
915 432 993 457 esse
1010 419 1165 456 visuros.
1199 419 1250 457 In

124 474 186 512 his
201 473 362 525 singulis
379 473 434 511 ita
451 486 599 534 semper
619 472 901 520 existimabitis,
922 473 1009 510 vivo
1028 473 1074 510 P.
1097 472 1248 521 Clodio,

124 527 222 565 nihil
241 538 374 566 eorum
393 540 458 565 vos
478 527 623 565 11511105
641 526 768 565 fuisse.
811 527 860 564 In
884 539 993 578 spem
1016 526 1246 573 maximam,

123 588 161 619 et
179 580 525 633 (quemadmodum
543 580 709 627 confido)
730 579 981 627 verissimam,
1009 580 1164 618 adducti
1183 593 1249 618 su-

122 647 224 683 mus,
244 634 377 674 hunc
367 647 496 686 ipsum
515 647 675 681 annum,
696 634 796 672 hoc'
786 646 869 690 ipso
888 646 1042 672 summo
1061 634 1141 672 viro
1160 647 1250 672 con-

123 689 220 737 sule,
233 701 449 741 compressa
460 687 663 725 hominum
674 679 844 735 licentia,
865 687 1137 739 cupiditatibus
1151 688 1249 727 frac-

122 743 183 787 tis,
215 743 366 794 legibus
395 749 432 780 et
457 741 612 791 judiciis
631 741 859 789 constitutis,
882 742 1087 780 salutarem
1106 742 1248 781 civitati

121 796 215 835 fore.
259 798 370 835 Num
396 796 482 847 quis
501 795 619 846 igitur
638 804 694 833 est
713 802 794 833 tam
813 795 985 842 demens,
1006 795 1075 846 qui
1092 795 1177 844 hoc,
1201 797 1248 834 P.

123 850 259 890 Clodio
278 850 378 896 vivo,
399 849 615 910 contingere
637 849 805 900 potuisse
830 848 1062 887 arbitretur?
1103 849 1236 897 Quid.
1226 852 1244 876 ³

120 917 290 957 ea,quae
309 903 458 951 tenetis,
478 903 627 954 privata
645 911 761 954 atque
780 910 917 950 vestra,
937 903 1159 941 dominante
1177 905 1248 942 ho-

122 959 227 997 mine
244 958 401 1007 furioso,
422 956 556 1009 quod
541 970 607 1007 Jus
624 964 820 1009 perpetuae
842 957 1086 1009 Ρο55055101115
1108 957 1250 997 habere

123 1012 365 1064 potuissent?

175 1066 341 1105 XXIX.
372 1066 466 1104 Non
485 1065 615 1114 timeo,
643 1065 806 1116 judices,
839 1078 901 1113 ne,
923 1065 1037 1104 01110
1027 1065 1247 1105 inimicitia·

121 1133 210 1158 rum
238 1133 414 1158 mearum
442 1105 720 1168 inflammatus,
754 1120 936 1159 libentius
962 1120 1079 1158 haec
1069 1133 1109 1159 10
1131 1121 1246 1159 illum

122 1187 296 1213 evomere
327 1174 469 1222 videar,
501 1187 620 1241 quarn
647 1175 784 1213 verius.
814 1173 988 1222 Etenim,
1019 1175 1088 1212 etsi
1113 1174 1247 1226 praeci-

120 1241 246 1281 puum
265 1241 344 1267 esse
363 1228 549 1274 debebat;
561 1235 710 1266 tamen
740 1229 794 1266 ita
816 1228 1032 1267 communis
1059 1237 1139 1267 erat
1163 1242 1248 1267 om-

120 1282 232 1321 nium
250 1282 316 1321 isse
332 1282 466 1330 hostis,
488 1290 532 1320 ut
549 1282 590 1320 in
608 1282 806 1320 communi
820 1282 907 1320 odio
925 1294 1034 1333 paene
1050 1283 1247 1333 aequaliter

121 1344 333 1375 versaretur
350 1336 483 1374 odium
511 1349 657 1374 meum.
700 1336 793 1374 Non
822 1343 947 1387 potest
970 1335 1047 1374 dici
1073 1336 1177 1383 53115,
1198 1349 1247 1375 ne

121 1390 279 1440 cogitari
297 1389 469 1441 quidem,
503 1397 694 1441 quantum
717 1389 758 1426 in
776 1389 1024 1435 111050010115,
1055 1398 1247 1441 quantum

122 1443 244 1491 exitii,
257 1443 384 1482 fuerit.
415 1444 524 1491 Quin
536 1443 589 1482 sic
601 1443 797 1488 attendite,
809 1443 966 1493 judices.
997 1443 1151 1504 Nempe
1162 1444 1246 1482 haec

123 1505 179 1536 est
198 1497 358 1549 quaestio
376 1497 424 1536 de
441 1497 598 1535 interitu
612 1498 658 1535 P.
672 1497 810 1536 Clodii.
842 1497 996 1548 Fingite
1015 1497 1176 1535 animis.
1198 1498 1247 1536 11-

122 1553 224 1590 berae
242 1551 345 1590 enim
365 1559 454 1589 sunt
473 1551 718 1612 cogitationes
736 1559 889 1598 nostrae,
917 1558 968 1599 et,
989 1564 1076 1602 quae
1095 1552 1245 1613 volunt,

122 1605 175 1644 510
191 1605 404 1652 intuentur,
422 1612 465 1643 ut
484 1618 528 1643 ea
546 1605 752 1651 cei-nimus,
766 1618 854 1656 quae
872 1604 1060 1643 videmus.
1091 1604 1246 1656 Fingite

120 1659 240 1710 igitur
258 1659 483 1711 cogitatione
502 1658 711 1709 imaginem
736 1658 854 1708 hujus
883 1658 1108 1697 conditionis
1133 1672 1245 1706 meae,

122 1713 156 1751 si
173 1713 317 1765 possim
335 1713 493 1760 efficere,
514 1720 559 1750 ut
577 1713 770 1751 Milonem
795 1712 1012 1760 absolvatis,
1034 1712 1100 1750 sed
1117 1713 1185 1761 113,
1216 1713 1248 1751 51

122 1766 170 1805 Ρ.
191 1766 352 1805 Clodius
369 1766 559 1805 revixerit.
599 1766 709 1814 Quid
727 1767 838 1805 vultu
858 1766 1088 1805 extimuistis
1103 1768 1121 1805 Ρ
1150 1780 1248 1818 quo-

124 1833 216 1859 nam
227 1821 343 1859 modo
362 1821 428 1859 1110
442 1834 508 1859 vos
524 1821 632 1859 vivus
651 1820 828 1867 afficeret,
843 1833 941 1872 quos
953 1827 1128 1859 mortuus
1141 1820 1249 1860 inani

124 1875 352 1940 cogitatione
369 1875 585 1926 percussit?
615 1874 756 1922 Quid?
786 1875 818 1912 si
837 1875 917 1926 ipse
930 1874 1003 1913 Cn.
1021 1874 1245 1926 Pompeius,

126 1929 194 1980 qui
208 1942 254 1967 ea
271 1929 412 1967 virtute
436 1942 480 1967 ac
504 1928 660 1967 fortuna
679 1936 749 1975 051,
769 1935 813 1966 ut
831 1942 876 1966 ea
893 1927 1059 1980 potuerit
1081 1941 1244 1980 semper,

127 1995 216 2034 quae
232 1995 347 2021 nemo
364 1989 502 2034 praetei·
519 1982 659 2027 illum;
689 1983 721 2021 51
739 1982 786 2030 15,
798 1982 974 2033 inquam,
987 1982 1187 2042 potuisset,
1201 1991 1247 2022 ut

128 2037 378 2088 quaestionem
408 2036 456 2074 de
477 2044 599 2075 morte
622 2036 669 2074 P.
698 2035 826 2074 Clodii
846 2036 958 2083 ferre,
979 2035 1031 2073 510
1048 2035 1178 2087 ipsum
1198 2038 1247 2074 ab

128 2089 258 2128 inferis
277 2090 466 2136 excitare;
495 2097 628 2128 utrum
659 2090 802 2142 putatis
824 2089 950 2141 potius
972 2089 1166 2127 facturum
1185 2090 1248 2128 fu-

128 2143 233 2184 isse?
264 2144 396 2183 Etiam
416 2144 463 2191 si,
478 2151 632 2196 propter
646 2143 871 2189 amicitiam,
884 2143 1064 2182 voluisset
1075 2143 1188 2181 'illum
1200 2145 1249 2182 ab

130 2196 260 2235 inferis
288 2210 474 2244 revoaere,
507 2205 660 2251 propter
689 2196 969 2250 rempublicam
991 2209 1067 2236 non
1092 2196 1249 2238 fecisset.

187 2251 336 2298 (Orat.)
369 2262 474 2297 1ᾐο1..
498 2263 560 2291 iv,
953 2261 979 2288 1.
