1509 2397
363 53 704 92 PHILIPPICA
723 52 774 93 V.
797 52 903 92 CAP.
928 54 990 92 13.
1172 54 1251 99 279

131 166 255 199 serat:
287 161 316 183 “
336 160 447 209 Quid
475 161 735 213 concupiscas,
770 168 813 200 tu
839 161 1001 200 videris:
1033 161 1138 213 quod
1167 173 1258 200 con-

129 213 330 265 cupiveris,
351 222 450 253 certe
467 215 668 254 habebis.”
701 215 781 264 En,
803 215 852 253 ad
874 229 991 267 quem
1009 216 1153 267 legatos
1165 215 1257 253 mit-

129 274 284 315 tamus3
315 269 378 307 cui
396 270 543 308 bellum
568 282 765 308 moremur
793 269 958 314 inferre3
989 270 1057 320 qui
1085 282 1134 308 ne
1167 269 1258 307 sorti

130 321 288 373 quidem
307 322 480 362 fortunas
498 331 646 362 nostras
675 323 903 374 [destituit,]
935 324 1000 361 sed
1018 324 1170 361 libidini
1190 336 1257 361 cu-

123 375 267 427 jusque
286 389 355 415 nos
373 377 428 416 ita
449 377 612 425 addixit,
632 386 676 416 ut
694 390 743 415 ne
763 377 834 415 sibi
854 377 1011 428 quidem
1042 378 1163 429 (1111(101
1147 390 1256 415 uam

125 428 336 491 integrum,
358 432 462 483 quod
481 444 558 470 non
585 432 700 470 alicui
718 431 951 483 promissum
976 432 1041 480 jai
1034 445 1059 469 1
1079 432 1141 479 sit,
1168 431 1256 469 reli-

126 484 263 534 querit.
295 485 399 523 Cum
421 486 508 534 hoc,
535 493 661 538 patres
690 485 906 536 conscripti,
926 485 1041 532 bello,
1063 485 1205 534 bello,
1195 497 1254 522 111-

126 550 261 588 quam,
276 539 549 578 decertandum
570 548 638 589 est,
650 540 776 592 ,idque
795 539 1017 578 confestim:
1039 539 1254 590 legatorum

123 592 280 632 tarditas
299 593 536 645 repudianda
554 601 622 632 est.

180 646 443 699 Quapropter,
470 661 518 687 ne
538 649 663 687 multa
690 648 800 687 nobis
829 647 999 698 quotidie
1018 647 1254 686 decernenda

68 719 74 722 ·
127 699 218 749 sint,
250 702 469 741 consulibus
492 709 614 740 totam
646 703 925 754 rempublicam
955 701 1254 753 permittendam

125 767 285 801 censeo;
315 756 452 808 hisque
472 757 808 804 committendum,
830 764 873 794 ut
893 756 1172 807 rempublicam
1188 756 1254 794 de-

123 808 310 855 fendant3
339 810 656 871 provideantque,
688 823 737 849 ne
766 811 862 872 quid
894 810 1108 871 respublica
1138 810 1254 848 detri-

124 863 248 901 menti
283 864 468 916 accipiat.
499 878 722 917 censeoque,
747 872 792 903 ut
824 865 884 911 iis,
912 864 981 925 qui
1013 864 1053 902 in
1085 864 1253 902 exercitu

124 917 291 955 Antonii
321 926 425 968 sunt,
453 931 502 957 ne
520 918 568 957 sit
597 932 641 957 ea
659 933 718 957 res
742 919 882 966 fraudi,
905 919 936 956 si
955 926 1043 956 ante
1063 918 1253 957 calendas

123 967 351 1011 Februarias
381 974 430 1011 ab
464 986 507 1012 eo
533 973 779 1012 discesserint.
829 973 927 1011 Haec
957 972 990 1010 si
1015 972 1250 1020 censueritis,

121 1031 249 1076 patres
287 1027 502 1078 conscripti,
536 1028 643 1066 brevi
676 1035 846 1079 tempore
874 1027 1091 1065 libertatem
1116 1027 1254 1078 populi

119 1079 305 1128 Romani,
319 1082 663 1133 auctoritatemque
677 1090 856 1130 vestram,
870 1081 1151 1132 recuperabitis.
1182 1081 1251 1119 Sin

120 1141 251 1172 autem
269 1135 394 1173 lenius
421 1137 567 1187 agetis;
599 1144 728 1174 tamen
760 1136 907 1183 eadem.
928 1135 994 1173 scd
1014 1135 1170 1173 fortasse
1189 1148 1249 1173 se-

118 1187 213 1236 rius,
245 1188 463 1228 decernetis.
504 1189 567 1229 De
594 1190 792 1242 republica
817 1173 922 1241 quod
940 1189 1137 1238 retulistis,
1161 1189 1251 1228 satis

118 1240 324 1281 decrevisse
346 1243 486 1282 videor.

174 1295 302 1334 XIII.
332 1297 471 1335 Altera
500 1311 559 1335 res
590 1305 646 1336 est
678 1298 726 1336 de
757 1298 992 1336 honoribus.
1023 1297 1071 1335 de
1105 1297 1246 1348 quibus

119 1348 297 1412 deinceps
326 1352 499 1402 intelligo
526 1364 605 1389 esse
636 1352 854 1390 dicendum.
886 1352 976 1399 Sed,
999 1351 1067 1402 qui
1089 1351 1181 1389 ordo
1207 1351 1247 1389 in

119 1405 314 1443 sententiis
334 1406 513 1467 rogandis
528 1419 633 1443 more
652 1407 847 1456 majorum
863 1405 1003 1444 servari
1015 1406 1122 1453 solet,
1140 1418 1250 1443 eum-

119 1457 208 1496 dem
239 1460 374 1497 tenebo
404 1460 445 1497 in
468 1459 557 1498 viris
586 1460 748 1499 fortibus
777 1460 1021 1499 honorandis.
1051 1459 1092 1497 A
1121 1459 1248 1497 Bruto

120 1511 253 1563 igitur,
275 1514 429 1552 consule
444 1513 655 1565 designato,
670 1515 866 1566 capiamus
882 1514 1109 1552 exordium:
1139 1515 1249 1563 cujus

119 1574 164 1604 ut
183 1567 378 1618 superiora
399 1568 590 1616 omittam,
624 1572 728 1620 (quae
752 1577 841 1607 sunt
866 1568 1039 1606 maxima
1065 1568 1132 1605 illa
1162 1568 1249 1619 qui-

119 1619 224 1670 dem,
245 1622 311 1659 sed
331 1622 457 1661 adhuc
475 1622 680 1660 hominum
700 1623 824 1674 magis
840 1622 1008 1684 judiciis,
1037 1634 1155 1673 quam
1174 1635 1248 1673 pu-

117 1674 230 1723 blice,
256 1676 429 1724 laudata)
456 1677 690 1738 quibusnam
716 1677 839 1716 verbis
866 1678 948 1726 ejus
970 1659 1104 1714 laudes
1129 1675 1248 1725 hujus

117 1727 238 1779 ipsius
271 1731 452 1782 temporis
486 1731 665 1782 consequi
694 1731 927 1783 possumus?
968 1731 1110 1781 Neque
1143 1731 1247 1768 enim

117 1782 242 1822 ullam
270 1785 483 1823 mercedem
515 1792 622 1823 tanta
654 1785 788 1852 virtus,
820 1792 957 1837 praeter
989 1784 1089 1822 hanc
1121 1784 1247 1822 laudis

116 1837 339 1897 gloriaeque,
360 1838 571 1877 desiderat.
603 1853 681 1891 qua
701 1840 816 1878 etiam
837 1839 868 1878 si
882 1846 1020 1887 careat,
1041 1845 1170 1876 tamen
1197 1838 1248 1876 sit

117 1903 156 1928 se
174 1892 259 1943 lpsa
277 1900 481 1939 contenta3
513 1900 628 1945 atque
647 1893 689 1931 in
719 1893 906 1932 memoria
934 1901 1130 1944 gratorum
1153 1891 1246 1930 civi-

116 1957 201 1993 um,
222 1953 423 1998 tamquam
453 1948 493 1985 in
522 1948 620 1994 luce,
650 1948 774 1999 posita
800 1949 961 1986 laetetur.
992 1947 1099 1984 Laus
1127 1946 1246 1996 igitur

111 1998 248 2047 judicii
288 2001 573 2053 testimoniique
617 2002 730 2040 vestri
767 2001 972 2040 tribuenda
1007 2001 1134 2038 Bruto
1172 2008 1240 2039 est.

118 2051 385 2100 Quamobrem
414 2056 475 2094 his
502 2055 640 2104 verbis,
669 2063 794 2107 patres
831 2054 1046 2106 conscripti,
1076 2057 1245 2092 senatus-

118 2108 336 2147 consultum
369 2109 590 2148 faciendum
623 2116 782 2148 censeo:
816 2113 843 2132 “
865 2110 969 2148 Cum
994 2109 1047 2146 D.
1079 2108 1241 2154 Brutus,

114 2158 338 2212 imperator,
352 2164 487 2202 consul
506 2164 744 2215 designatus,
763 2163 998 2215 provinciam
1019 2162 1212 2200 Galliam
1203 2174 1242 2204 m
