1509 2397
371 79 436 117 IN
466 79 736 118 PISONEM.
767 79 873 118 CAP.
894 79 954 124 17.
1165 79 1217 116 45

106 192 266 235 gatorae,
287 197 352 224 vos
378 186 602 234 diribitores,
633 199 701 225 vos
730 186 901 234 custodes
924 185 1041 224 fuisse
1073 186 1224 223 tabula·

107 251 219 276 rum:
250 246 300 285 et,
321 240 425 290 quod
453 240 493 277 in
517 240 726 279 honoribus
754 248 966 279 vestrorum
988 239 1224 290 propinquo-

108 304 195 329 rum
213 304 289 330 non
308 293 443 340 facitis,
464 295 524 332 vel
543 294 661 332 aetatis
686 294 939 341 excusatione,
969 293 1029 331 vel
1054 293 1220 339 honoris,

105 344 159 392 id,
180 345 220 383 in
238 347 359 385 salute
383 348 484 396 mea,
511 348 619 386 nullo
641 355 811 399 rogante,
838 360 904 386 vos
934 347 1059 385 vestra
1091 355 1226 397 sponte

105 397 254 438 fecistis.

160 452 278 492 XVI.
309 454 449 493 Confer
467 467 583 504 nunc,
604 456 772 507 Epicure
801 463 939 501 noster,
961 468 1008 492 ex
1026 452 1119 492 hara
1136 467 1225 505 pro-

107 505 231 554 ducte,
259 520 335 546 non
369 522 417 547 ex
448 509 589 557 schol-3,
622 510 762 557 confer,
787 510 818 547 si
850 509 980 557 audes,
1014 507 1224 546 absentiam

106 566 212 597 tuam
234 573 321 599 cum
339 563 439 600 mea„
481 562 694 601 Obtinuisti
722 563 956 615 provinciam
987 562 1224 600 consularem

106 612 246 652 finibus
264 615 323 663 iis,
345 629 440 667 quos
465 617 529 654 lex
562 617 777 668 cupiditatis
807 625 897 664 tuae,
926 628 1003 653 non
1036 629 1131 667 quos
1159 615 1224 653 lex

105 668 234 716 generi
253 669 323 715 tui,
344 670 549 721 pepigerat.
592 671 711 719 Nam,
731 671 814 721 lege
831 669 991 709 Caesaris
1006 669 1222 718 justissima

106 727 221 772 atque
233 722 392 772 optima,
413 724 547 775 populi
560 724 670 762 liberi
684 725 797 775 plane
817 731 853 762 et
872 737 957 762 vere
971 731 1077 761 erant
1088 723 1219 761 liberi:

105 773 187 824 lege
205 785 334 814 autem
358 777 416 824 ea,
437 791 555 828 quam
579 791 691 816 nemo
716 779 854 828 legem,
875 785 1011 828 praeter
1035 784 1071 814 te
1091 785 1127 814 et
1146 776 1224 814 col-

102 827 228 878 legam
247 837 374 878 tuum,
394 831 556 882 putavit,
583 831 708 869 omnis
727 840 805 869 erat
824 831 893 869 tibi
911 831 1076 875 Acha'ia,
1097 830 1222 868 Thes-

103 881 209 929 salia,
230 883 410 930 Athenae,
432 893 566 922 cuncta
585 885 732 923 Graecia
751 885 910 923 addicta.
951 885 1133 922 Habebas
1153 897 1221 922 ex-

102 935 261 973 ercitum
274 944 438 985 tantum,
453 947 642 989 quantum
661 939 732 977 tibi
749 951 823 977 non
845 945 994 977 senatus
1015 946 1080 976 aut
1098 950 1225 989 popu·

102 987 163 1026 lus
181 990 382 1029 Romanus
411 991 577 1039 dederat,
609 993 673 1031 sed
697 1000 886 1044 quantum
905 999 972 1030 tua
991 992 1108 1030 libido
1132 1004 1222 1029 con-

103 1042 323 1093 scripserat:
355 1046 530 1084 aerarium
546 1046 784 1084 exhauseras.
815 1046 924 1093 Quas
943 1059 1001 1083 res
1019 1045 1164 1096 gessisti
1179 1045 1220 1082 in

101 1094 275 1147 imperio,
296 1100 475 1147 exercitu,
488 1100 682 1151 provincia
703 1100 915 1138 consulari?
937 1099 1047 1147 Quas
1066 1112 1123 1137 res
1135 1112 1220 1149 ges-

102 1150 203 1197 serit,
231 1164 385 1202 quaero:
425 1153 506 1204 qui,
533 1160 578 1191 ut
602 1154 720 1201 venit,
747 1154 875 1192 statim
895 1180 904 1190 .
926 1180 936 1189 .
953 1180 963 1189 .
981 1180 990 1189 .
1013 1153 1220 1195 (Nondum

101 1214 357 1243 commemoro
379 1207 544 1257 rapinas,
565 1208 738 1245 nondum
751 1215 900 1245 exactas
914 1206 1119 1257 pecunias;
1142 1218 1218 1244 non

101 1264 243 1306 captas,
263 1271 340 1296 non
362 1260 588 1311 imperatas3
608 1273 684 1298 non
699 1273 808 1298 neces
828 1261 1030 1305 sociorum,
1051 1272 1126 1297 non
1147 1272 1219 1298 caee·

100 1308 188 1347 dem
216 1311 425 1362 hospitum,
457 1325 534 1351 non
572 1314 785 1364 perfidiam,
815 1326 891 1350 non
921 1313 1216 1360 immanitatem,

99 1374 176 1400 non
191 1365 341 1413 scelera,
354 1367 540 1417 praedico:
571 1380 678 1415 mox,
693 1368 723 1405 si
741 1367 943 1414 videbitur,
957 1374 1001 1404 ut
1015 1379 1102 1404 cum
1115 1366 1214 1413 fure,

101 1423 146 1453 ut
171 1430 259 1455 cum
285 1420 478 1470 sacrilego,
499 1428 543 1458 ut
570 1434 658 1459 cum
685 1421 830 1468 sicario,
856 1420 1084 1471 disputabo3
1114 1432 1218 1458 nunc

100 1481 227 1508 meam
264 1473 463 1523 spoliatam
492 1474 685 1512 fortunam
711 1474 901 1512 conferam
935 1486 1023 1512 cum
1060 1474 1218 1512 florente

99 1523 252 1562 fortuna
270 1526 536 1577 imperatoris.)
564 1528 664 1575 Quis
684 1540 856 1579 unquam
875 1527 1106 1579 provinciam
1127 1540 1216 1566 cum

101 1578 267 1617 exercitu
295 1581 473 1627 obtinuit,
495 1582 562 1633 qui
586 1582 711 1619 nullas
730 1581 778 1619 ad
797 1590 971 1619 senatum
996 1581 1122 1619 literas
1141 1581 1216 1619 mi-

96 1631 211 1669 serit?
239 1641 386 1672 tantam
416 1648 502 1672 vero
527 1636 761 1686 provinciam
785 1648 874 1673 cum
905 1642 1010 1672 tanto
1031 1635 1213 1681 exercitu,

94 1684 362 1725 Macedoniam
380 1690 603 1740 praesertim,
623 1703 710 1741 quae
727 1689 842 1727 tantis
860 1690 1106 1726 barbarorum
1120 1701 1213 1739 gen-

93 1737 196 1777 tibus
225 1740 437 1792 attingitur,
458 1752 502 1780 ut
521 1755 670 1794 semper
689 1742 947 1780 Macedonicis
971 1743 1210 1793 imperatori-

92 1791 164 1829 bus
177 1792 293 1831 iidem
311 1796 405 1833 fines
425 1796 628 1847 provinciae
646 1797 800 1842 fuerint,
828 1796 895 1848 qui
919 1795 1134 1847 gladiorum
1153 1804 1211 1834 at-

100 1857 175 1895 que
192 1847 382 1897 pilorum:
413 1861 460 1887 ex
480 1850 557 1900 qua⁴
576 1850 721 1901 aliquot
739 1850 911 1901 praetorio
930 1850 1104 1900 imperio,
1125 1862 1215 1888 con-

99 1897 215 1936 sulari
234 1901 389 1951 quidem
415 1915 528 1941 nemo
547 1904 670 1950 rediit,
691 1905 759 1955 qui
777 1903 977 1941 incolumis
995 1903 1124 1951 fuerit,
1145 1904 1214 1954 qui

96 1962 172 1988 non
191 1953 446 2006 triumpharit.
476 1957 549 1994 Est
567 1957 638 1994 hoc
663 1969 830 1995 novum:
862 1957 985 1994 multo
1013 1957 1109 1994 illud
1128 1969 1212 1994 ma-

95 2004 176 2054 gis:
206 2009 420 2058 appellatus
443 2018 498 2048 est
514 2011 577 2048 hic
601 2011 792 2059 vulturius
813 2010 917 2048 illius
935 2010 1137 2061 provinciae
1160 2011 1210 2054 (si

95 2056 182 2095 Diis
195 2060 334 2109 placet)
353 2062 568 2114 imperator.

163 2111 306 2152 XVII.
336 2115 399 2153 Ne
427 2125 512 2154 tum
542 2117 714 2169 quidem,
745 2117 867 2155 Paule
891 2124 1031 2164 noster,
1061 2117 1211 2155 tabulas

93 2163 259 2204 Romam
278 2179 367 2206 eum
385 2168 513 2209 laurea
530 2171 680 2210 mittere
697 2171 864 2210 audebas
878 2173 896 2209 ἓ
927 2171 1035 2217 Misi,
1065 2170 1203 2221 inquit.
