<?xml version="1.0" encoding="UTF-8"?>
<!DOCTYPE html PUBLIC "-//W3C//DTD XHTML 1.0 Transitional//EN"
    "http://www.w3.org/TR/xhtml1/DTD/xhtml1-transitional.dtd">
<html xmlns="http://www.w3.org/1999/xhtml" xml:lang="en" lang="en">
 <head>
  <title>
</title>
<meta http-equiv="Content-Type" content="text/html;charset=utf-8" />
  <meta name='ocr-system' content='tesseract 3.04.00' />
  <meta name='ocr-capabilities' content='ocr_page ocr_carea ocr_par ocr_line ocrx_word'/>
</head>
<body>
  <div class='ocr_page' id='page_1' title='image "./operaern08ciceuoft_0393.png"; bbox 0 0 1509 2397; ppageno 0'>
   <div class='ocr_carea' id='block_1_1' title="bbox 286 52 1218 100">
    <p class='ocr_par' dir='ltr' id='par_1_1' title="bbox 286 52 1218 100">
     <span class='ocr_line' id='line_1_1' title="bbox 286 52 1218 100; baseline 0.001 -7"><span class='ocrx_word' id='word_1_1' title='bbox 286 52 629 93; x_wconf 86' lang='lat' dir='ltr'><strong>PHILIPPICA</strong></span> <span class='ocrx_word' id='word_1_2' title='bbox 658 52 786 93; x_wconf 87' lang='lat' dir='ltr'><strong>XIII.</strong></span> <span class='ocrx_word' id='word_1_3' title='bbox 817 53 924 94; x_wconf 76' lang='lat' dir='ltr'><strong>CAP.</strong></span> <span class='ocrx_word' id='word_1_4' title='bbox 963 55 1025 93; x_wconf 91' lang='lat' dir='ltr'><strong>ll.</strong></span> <span class='ocrx_word' id='word_1_5' title='bbox 1137 56 1218 100; x_wconf 79' lang='lat'><strong>379</strong></span> 
     </span>
    </p>
   </div>
   <div class='ocr_carea' id='block_1_2' title="bbox 57 161 1221 2225">
    <p class='ocr_par' dir='ltr' id='par_1_2' title="bbox 78 161 1221 648">
     <span class='ocr_line' id='line_1_2' title="bbox 86 161 1219 215; baseline 0.003 -17"><span class='ocrx_word' id='word_1_6' title='bbox 86 166 116 198; x_wconf 58' lang='lat' dir='ltr'><strong>.‘ss</strong></span> <span class='ocrx_word' id='word_1_7' title='bbox 136 161 300 202; x_wconf 82' lang='lat' dir='ltr'><strong>Dedisse</strong></span> <span class='ocrx_word' id='word_1_8' title='bbox 332 175 465 214; x_wconf 88' lang='lat' dir='ltr'><strong>poenas</strong></span> <span class='ocrx_word' id='word_1_9' title='bbox 502 161 728 201; x_wconf 89' lang='lat' dir='ltr'><strong>sceleratum</strong></span> <span class='ocrx_word' id='word_1_10' title='bbox 762 162 880 201; x_wconf 90' lang='lat' dir='ltr'><strong>cineri</strong></span> <span class='ocrx_word' id='word_1_11' title='bbox 916 171 1033 215; x_wconf 90' lang='lat' dir='ltr'><strong>atque</strong></span> <span class='ocrx_word' id='word_1_12' title='bbox 1070 164 1219 202; x_wconf 82' lang='lat' dir='ltr'><strong>ossibus</strong></span> 
     </span>
     <span class='ocr_line' id='line_1_3' title="bbox 83 216 1218 267; baseline 0.001 -12"><span class='ocrx_word' id='word_1_13' title='bbox 83 216 286 256; x_wconf 81' lang='lat' dir='ltr'><strong>clarissimi</strong></span> <span class='ocrx_word' id='word_1_14' title='bbox 315 217 402 265; x_wconf 87' lang='lat' dir='ltr'><strong>viri,</strong></span> <span class='ocrx_word' id='word_1_15' title='bbox 434 223 471 254; x_wconf 89' lang='lat' dir='ltr'><strong>et</strong></span> <span class='ocrx_word' id='word_1_16' title='bbox 495 216 716 267; x_wconf 86' lang='lat' dir='ltr'><strong>apparuisse</strong></span> <span class='ocrx_word' id='word_1_17' title='bbox 740 228 887 255; x_wconf 89' lang='lat' dir='ltr'><strong>numen</strong></span> <span class='ocrx_word' id='word_1_18' title='bbox 911 217 1087 256; x_wconf 80' lang='lat' dir='ltr'>Deorum</span> <span class='ocrx_word' id='word_1_19' title='bbox 1117 217 1218 256; x_wconf 84' lang='lat' dir='ltr'><strong>intra</strong></span> 
     </span>
     <span class='ocr_line' id='line_1_4' title="bbox 80 270 1216 323; baseline -0.001 -13"><span class='ocrx_word' id='word_1_20' title='bbox 80 271 203 310; x_wconf 88' lang='lat' dir='ltr'><strong>finem</strong></span> <span class='ocrx_word' id='word_1_21' title='bbox 221 270 313 309; x_wconf 91' lang='lat' dir='ltr'><strong>anni</strong></span> <span class='ocrx_word' id='word_1_22' title='bbox 333 270 530 318; x_wconf 86' lang='lat' dir='ltr'><strong>vertentis,</strong></span> <span class='ocrx_word' id='word_1_23' title='bbox 547 276 616 308; x_wconf 89' lang='lat' dir='ltr'><strong>aut</strong></span> <span class='ocrx_word' id='word_1_24' title='bbox 632 271 715 319; x_wconf 85' lang='lat' dir='ltr'><strong>jam</strong></span> <span class='ocrx_word' id='word_1_25' title='bbox 735 271 861 309; x_wconf 83' lang='lat' dir='ltr'><strong>soluto</strong></span> <span class='ocrx_word' id='word_1_26' title='bbox 887 271 1075 323; x_wconf 90' lang='lat' dir='ltr'><strong>supplicio</strong></span> <span class='ocrx_word' id='word_1_27' title='bbox 1093 272 1216 322; x_wconf 90' lang='lat' dir='ltr'><strong>parri-</strong></span> 
     </span>
     <span class='ocr_line' id='line_1_5' title="bbox 82 324 1214 386; baseline 0 -23"><span class='ocrx_word' id='word_1_28' title='bbox 82 324 186 372; x_wconf 88' lang='lat' dir='ltr'><strong>cidii,</strong></span> <span class='ocrx_word' id='word_1_29' title='bbox 208 331 278 363; x_wconf 89' lang='lat' dir='ltr'><strong>aut</strong></span> <span class='ocrx_word' id='word_1_30' title='bbox 290 324 557 386; x_wconf 81' lang='lat' dir='ltr'><strong>impendente,</strong></span> <span class='ocrx_word' id='word_1_31' title='bbox 581 324 795 362; x_wconf 82' lang='lat' dir='ltr'><strong>laetandum</strong></span> <span class='ocrx_word' id='word_1_32' title='bbox 816 326 914 363; x_wconf 85' lang='lat' dir='ltr'><strong>est.”</strong></span> <span class='ocrx_word' id='word_1_33' title='bbox 944 325 983 364; x_wconf 93' lang='lat' dir='ltr'>O</span> <span class='ocrx_word' id='word_1_34' title='bbox 1004 326 1214 377; x_wconf 84' lang='lat' dir='ltr'><strong>Spartace!</strong></span> 
     </span>
     <span class='ocr_line' id='line_1_6' title="bbox 82 378 1221 430; baseline 0 -13"><span class='ocrx_word' id='word_1_35' title='bbox 82 382 220 430; x_wconf 90' lang='lat' dir='ltr'><strong>(quem</strong></span> <span class='ocrx_word' id='word_1_36' title='bbox 238 379 344 417; x_wconf 88' lang='lat' dir='ltr'><strong>enim</strong></span> <span class='ocrx_word' id='word_1_37' title='bbox 363 386 401 417; x_wconf 88' lang='lat' dir='ltr'><strong>te</strong></span> <span class='ocrx_word' id='word_1_38' title='bbox 420 378 548 430; x_wconf 92' lang='lat' dir='ltr'><strong>potius</strong></span> <span class='ocrx_word' id='word_1_39' title='bbox 568 378 813 429; x_wconf 90' lang='lat' dir='ltr'><strong>appellem.)</strong></span> <span class='ocrx_word' id='word_1_40' title='bbox 843 380 954 428; x_wconf 84' lang='lat' dir='ltr'><strong>cujus</strong></span> <span class='ocrx_word' id='word_1_41' title='bbox 972 387 1129 430; x_wconf 90' lang='lat' dir='ltr'><strong>propter</strong></span> <span class='ocrx_word' id='word_1_42' title='bbox 1150 391 1221 417; x_wconf 87' lang='lat' dir='ltr'><strong>ne-</strong></span> 
     </span>
     <span class='ocr_line' id='line_1_7' title="bbox 81 431 1218 482; baseline 0.001 -11"><span class='ocrx_word' id='word_1_43' title='bbox 81 432 178 471; x_wconf 87' lang='lat' dir='ltr'><strong>faria</strong></span> <span class='ocrx_word' id='word_1_44' title='bbox 197 433 352 482; x_wconf 88' lang='lat' dir='ltr'><strong>scelera,</strong></span> <span class='ocrx_word' id='word_1_45' title='bbox 382 432 592 471; x_wconf 85' lang='lat' dir='ltr'><strong>tolerabilis</strong></span> <span class='ocrx_word' id='word_1_46' title='bbox 608 431 727 470; x_wconf 86' lang='lat' dir='ltr'><strong>fuisse</strong></span> <span class='ocrx_word' id='word_1_47' title='bbox 753 431 904 471; x_wconf 85' lang='lat' dir='ltr'><strong>videtur</strong></span> <span class='ocrx_word' id='word_1_48' title='bbox 925 432 1119 472; x_wconf 87' lang='lat' dir='ltr'><strong>Catilina.</strong></span> <span class='ocrx_word' id='word_1_49' title='bbox 1150 433 1218 472; x_wconf 87' lang='lat' dir='ltr'><strong>lae-</strong></span> 
     </span>
     <span class='ocr_line' id='line_1_8' title="bbox 80 486 1218 536; baseline 0.001 -10"><span class='ocrx_word' id='word_1_50' title='bbox 80 487 247 526; x_wconf 84' lang='lat' dir='ltr'><strong>tandum</strong></span> <span class='ocrx_word' id='word_1_51' title='bbox 266 500 361 536; x_wconf 89' lang='lat' dir='ltr'><strong>esse,</strong></span> <span class='ocrx_word' id='word_1_52' title='bbox 393 500 509 525; x_wconf 92' lang='lat' dir='ltr'><strong>ausus</strong></span> <span class='ocrx_word' id='word_1_53' title='bbox 534 499 573 525; x_wconf 91' lang='lat' dir='ltr'><strong>es</strong></span> <span class='ocrx_word' id='word_1_54' title='bbox 600 486 775 535; x_wconf 87' lang='lat' dir='ltr'><strong>scribere,</strong></span> <span class='ocrx_word' id='word_1_55' title='bbox 801 486 1044 526; x_wconf 90' lang='lat' dir='ltr'><strong>Trebonium</strong></span> <span class='ocrx_word' id='word_1_56' title='bbox 1070 487 1218 527; x_wconf 84' lang='lat' dir='ltr'><strong>dedisse</strong></span> 
     </span>
     <span class='ocr_line' id='line_1_9' title="bbox 78 540 1218 593; baseline 0 -13"><span class='ocrx_word' id='word_1_57' title='bbox 78 544 245 593; x_wconf 83' lang='lat' dir='ltr'><strong>poenas?</strong></span> <span class='ocrx_word' id='word_1_58' title='bbox 276 542 504 580; x_wconf 87' lang='lat' dir='ltr'><strong>sceleratum</strong></span> <span class='ocrx_word' id='word_1_59' title='bbox 538 540 814 579; x_wconf 83' lang='lat' dir='ltr'><strong>Trebonium?</strong></span> <span class='ocrx_word' id='word_1_60' title='bbox 843 555 922 592; x_wconf 92' lang='lat' dir='ltr'><strong>quo</strong></span> <span class='ocrx_word' id='word_1_61' title='bbox 955 541 1108 588; x_wconf 89' lang='lat' dir='ltr'><strong>scelere,</strong></span> <span class='ocrx_word' id='word_1_62' title='bbox 1142 541 1218 580; x_wconf 87' lang='grc'>11151</span> 
     </span>
     <span class='ocr_line' id='line_1_10' title="bbox 79 594 1214 648; baseline 0.001 -14"><span class='ocrx_word' id='word_1_63' title='bbox 79 596 186 648; x_wconf 87' lang='lat' dir='ltr'><strong>quod</strong></span> <span class='ocrx_word' id='word_1_64' title='bbox 200 604 253 645; x_wconf 88' lang='lat' dir='ltr'><strong>te,</strong></span> <span class='ocrx_word' id='word_1_65' title='bbox 274 596 413 634; x_wconf 90' lang='lat' dir='ltr'><strong>Idibus</strong></span> <span class='ocrx_word' id='word_1_66' title='bbox 433 595 604 643; x_wconf 88' lang='lat' dir='ltr'><strong>Martiis,</strong></span> <span class='ocrx_word' id='word_1_67' title='bbox 625 608 649 633; x_wconf 88' lang='lat' dir='ltr'><strong>a</strong></span> <span class='ocrx_word' id='word_1_68' title='bbox 668 594 797 633; x_wconf 59' lang='lat' dir='ltr'><strong>debita</strong></span> <span class='ocrx_word' id='word_1_69' title='bbox 817 595 888 633; x_wconf 82' lang='lat' dir='ltr'><strong>tibi</strong></span> <span class='ocrx_word' id='word_1_70' title='bbox 905 604 1015 648; x_wconf 90' lang='lat' dir='ltr'><strong>peste</strong></span> <span class='ocrx_word' id='word_1_71' title='bbox 1030 595 1182 633; x_wconf 80' lang='lat' dir='ltr'><strong>seduxit</strong></span> <span class='ocrx_word' id='word_1_72' title='bbox 1196 599 1214 635; x_wconf 83' lang='lat'><em>?</em></span> 
     </span>
    </p>

    <p class='ocr_par' dir='ltr' id='par_1_3' title="bbox 67 649 1214 1571">
     <span class='ocr_line' id='line_1_11' title="bbox 132 649 1213 701; baseline 0 -13"><span class='ocrx_word' id='word_1_73' title='bbox 132 651 238 701; x_wconf 88' lang='lat' dir='ltr'><strong>Age,</strong></span> <span class='ocrx_word' id='word_1_74' title='bbox 267 649 340 688; x_wconf 94' lang='lat' dir='ltr'><strong>hoc</strong></span> <span class='ocrx_word' id='word_1_75' title='bbox 365 649 529 688; x_wconf 87' lang='lat' dir='ltr'><strong>laetaris.</strong></span> <span class='ocrx_word' id='word_1_76' title='bbox 519 664 529 673; x_wconf 91' lang='lat'><strong>·</strong></span> <span class='ocrx_word' id='word_1_77' title='bbox 559 649 774 697; x_wconf 79' lang='lat' dir='ltr'><strong>videamus,</strong></span> <span class='ocrx_word' id='word_1_78' title='bbox 799 649 894 701; x_wconf 90' lang='lat' dir='ltr'><strong>quid</strong></span> <span class='ocrx_word' id='word_1_79' title='bbox 918 650 1077 688; x_wconf 90' lang='lat' dir='ltr'><strong>moleste</strong></span> <span class='ocrx_word' id='word_1_80' title='bbox 1102 649 1213 688; x_wconf 80' lang='lat' dir='ltr'><strong>feras.</strong></span> 
     </span>
     <span class='ocr_line' id='line_1_12' title="bbox 80 703 1212 765; baseline -0.001 -22"><span class='ocrx_word' id='word_1_81' title='bbox 80 705 112 728; x_wconf 72' lang='lat'><strong>‘⁶</strong></span> <span class='ocrx_word' id='word_1_82' title='bbox 127 704 294 743; x_wconf 89' lang='lat' dir='ltr'><strong>Hostem</strong></span> <span class='ocrx_word' id='word_1_83' title='bbox 317 704 537 754; x_wconf 87' lang='lat' dir='ltr'><strong>judicatum</strong></span> <span class='ocrx_word' id='word_1_84' title='bbox 566 703 640 742; x_wconf 89' lang='lat' dir='ltr'><strong>hoc</strong></span> <span class='ocrx_word' id='word_1_85' title='bbox 666 710 839 755; x_wconf 87' lang='lat' dir='ltr'><strong>ternpore</strong></span> <span class='ocrx_word' id='word_1_86' title='bbox 866 703 1129 765; x_wconf 86' lang='lat' dir='ltr'><strong>Dolabellam,</strong></span> <span class='ocrx_word' id='word_1_87' title='bbox 1153 717 1212 753; x_wconf 90' lang='lat' dir='ltr'><strong>eo,</strong></span> 
     </span>
     <span class='ocr_line' id='line_1_13' title="bbox 79 757 1214 810; baseline 0 -14"><span class='ocrx_word' id='word_1_88' title='bbox 79 758 186 810; x_wconf 90' lang='lat' dir='ltr'><strong>quod</strong></span> <span class='ocrx_word' id='word_1_89' title='bbox 211 758 390 798; x_wconf 82' lang='lat' dir='ltr'><strong>sicarium</strong></span> <span class='ocrx_word' id='word_1_90' title='bbox 422 757 613 806; x_wconf 88' lang='lat' dir='ltr'><strong>occiderit,</strong></span> <span class='ocrx_word' id='word_1_91' title='bbox 635 766 672 796; x_wconf 93' lang='lat' dir='ltr'><strong>et</strong></span> <span class='ocrx_word' id='word_1_92' title='bbox 701 757 822 795; x_wconf 80' lang='lat' dir='ltr'><strong>videri</strong></span> <span class='ocrx_word' id='word_1_93' title='bbox 854 758 1037 796; x_wconf 87' lang='lat' dir='ltr'><strong>cariorem</strong></span> <span class='ocrx_word' id='word_1_94' title='bbox 1066 758 1214 809; x_wconf 88' lang='lat' dir='ltr'><strong>populo</strong></span> 
     </span>
     <span class='ocr_line' id='line_1_14' title="bbox 77 811 1214 863; baseline -0.002 -12"><span class='ocrx_word' id='word_1_95' title='bbox 77 813 262 851; x_wconf 85' lang='lat' dir='ltr'><strong>Romano</strong></span> <span class='ocrx_word' id='word_1_96' title='bbox 293 812 420 850; x_wconf 91' lang='lat' dir='ltr'><strong>filium</strong></span> <span class='ocrx_word' id='word_1_97' title='bbox 445 824 600 859; x_wconf 88' lang='lat' dir='ltr'><strong>scurrae,</strong></span> <span class='ocrx_word' id='word_1_98' title='bbox 633 824 753 863; x_wconf 88' lang='lat' dir='ltr'><strong>quam</strong></span> <span class='ocrx_word' id='word_1_99' title='bbox 775 811 822 851; x_wconf 90' lang='lat' dir='ltr'><strong>C.</strong></span> <span class='ocrx_word' id='word_1_100' title='bbox 851 811 1059 860; x_wconf 88' lang='lat' dir='ltr'><strong>Caesarem,</strong></span> <span class='ocrx_word' id='word_1_101' title='bbox 1079 811 1214 863; x_wconf 86' lang='lat' dir='ltr'><strong>patriae</strong></span> 
     </span>
     <span class='ocr_line' id='line_1_15' title="bbox 76 865 1213 919; baseline -0.001 -13"><span class='ocrx_word' id='word_1_102' title='bbox 76 874 292 919; x_wconf 87' lang='lat' dir='ltr'><strong>parentem,</strong></span> <span class='ocrx_word' id='word_1_103' title='bbox 324 865 657 918; x_wconf 89' lang='lat' dir='ltr'><strong>ingemiscendum</strong></span> <span class='ocrx_word' id='word_1_104' title='bbox 694 866 791 904; x_wconf 89' lang='lat' dir='ltr'><strong>est.&#39;’</strong></span> <span class='ocrx_word' id='word_1_105' title='bbox 821 865 957 914; x_wconf 89' lang='lat' dir='ltr'><strong>Quid.</strong></span> <span class='ocrx_word' id='word_1_106' title='bbox 948 869 970 894; x_wconf 69' lang='lat'><strong>&#39;³-</strong></span> <span class='ocrx_word' id='word_1_107' title='bbox 993 865 1213 917; x_wconf 85' lang='lat' dir='ltr'><strong>ingemiscis</strong></span> 
     </span>
     <span class='ocr_line' id='line_1_16' title="bbox 77 919 1212 971; baseline -0.004 -11"><span class='ocrx_word' id='word_1_108' title='bbox 77 921 229 960; x_wconf 88' lang='lat' dir='ltr'><strong>hostem</strong></span> <span class='ocrx_word' id='word_1_109' title='bbox 260 921 509 960; x_wconf 89' lang='lat' dir='ltr'><strong>Dolabellam</strong></span> <span class='ocrx_word' id='word_1_110' title='bbox 538 919 787 970; x_wconf 80' lang='lat' dir='ltr'><strong>judicatum?</strong></span> <span class='ocrx_word' id='word_1_111' title='bbox 816 920 946 971; x_wconf 79' lang='lat' dir='ltr'><strong>quid?</strong></span> <span class='ocrx_word' id='word_1_112' title='bbox 977 928 1014 959; x_wconf 91' lang='lat' dir='ltr'><strong>te</strong></span> <span class='ocrx_word' id='word_1_113' title='bbox 1043 932 1121 958; x_wconf 91' lang='lat' dir='ltr'><strong>non</strong></span> <span class='ocrx_word' id='word_1_114' title='bbox 1151 920 1212 958; x_wconf 88' lang='lat' dir='ltr'><strong>in-</strong></span> 
     </span>
     <span class='ocr_line' id='line_1_17' title="bbox 75 974 1209 1027; baseline -0.001 -13"><span class='ocrx_word' id='word_1_115' title='bbox 75 975 232 1027; x_wconf 84' lang='lat' dir='ltr'><strong>telligis,</strong></span> <span class='ocrx_word' id='word_1_116' title='bbox 253 976 403 1014; x_wconf 88' lang='lat' dir='ltr'><strong>delectu</strong></span> <span class='ocrx_word' id='word_1_117' title='bbox 423 974 504 1013; x_wconf 60' lang='lat' dir='ltr'><strong>tota</strong></span> <span class='ocrx_word' id='word_1_118' title='bbox 525 974 642 1012; x_wconf 66' lang='lat' dir='ltr'><strong>Italia</strong></span> <span class='ocrx_word' id='word_1_119' title='bbox 660 974 807 1022; x_wconf 86' lang='lat' dir='ltr'><strong>habito,</strong></span> <span class='ocrx_word' id='word_1_120' title='bbox 829 974 1050 1012; x_wconf 81' lang='lat' dir='ltr'><strong>consulibus</strong></span> <span class='ocrx_word' id='word_1_121' title='bbox 1068 974 1209 1023; x_wconf 83' lang='lat' dir='ltr'><strong>missis,</strong></span> 
     </span>
     <span class='ocr_line' id='line_1_18' title="bbox 74 1028 1211 1080; baseline -0.001 -12"><span class='ocrx_word' id='word_1_122' title='bbox 74 1029 229 1069; x_wconf 82' lang='lat' dir='ltr'><strong>Caesare</strong></span> <span class='ocrx_word' id='word_1_123' title='bbox 247 1036 396 1077; x_wconf 84' lang='lat' dir='ltr'><strong>ornato,</strong></span> <span class='ocrx_word' id='word_1_124' title='bbox 418 1029 517 1080; x_wconf 88' lang='lat' dir='ltr'><strong>sagis</strong></span> <span class='ocrx_word' id='word_1_125' title='bbox 538 1028 704 1079; x_wconf 89' lang='lat' dir='ltr'><strong>denique</strong></span> <span class='ocrx_word' id='word_1_126' title='bbox 724 1028 877 1077; x_wconf 85' lang='lat' dir='ltr'><strong>sumtis,</strong></span> <span class='ocrx_word' id='word_1_127' title='bbox 897 1028 1047 1067; x_wconf 86' lang='lat' dir='ltr'><strong>hostem</strong></span> <span class='ocrx_word' id='word_1_128' title='bbox 1060 1028 1211 1077; x_wconf 84' lang='lat' dir='ltr'><strong>judica-</strong></span> 
     </span>
     <span class='ocr_line' id='line_1_19' title="bbox 75 1082 1211 1134; baseline -0.001 -12"><span class='ocrx_word' id='word_1_129' title='bbox 75 1091 162 1122; x_wconf 86' lang='lat' dir='ltr'><strong>tum</strong></span> <span class='ocrx_word' id='word_1_130' title='bbox 175 1086 193 1123; x_wconf 84' lang='lat'>?</span> <span class='ocrx_word' id='word_1_131' title='bbox 222 1083 334 1132; x_wconf 87' lang='lat' dir='ltr'><strong>Quid</strong></span> <span class='ocrx_word' id='word_1_132' title='bbox 347 1090 403 1122; x_wconf 88' lang='lat' dir='ltr'><strong>est</strong></span> <span class='ocrx_word' id='word_1_133' title='bbox 414 1091 560 1132; x_wconf 91' lang='lat' dir='ltr'><strong>autem,</strong></span> <span class='ocrx_word' id='word_1_134' title='bbox 574 1083 764 1131; x_wconf 87' lang='lat' dir='ltr'><strong>scelerate,</strong></span> <span class='ocrx_word' id='word_1_135' title='bbox 779 1082 883 1134; x_wconf 89' lang='lat' dir='ltr'><strong>quod</strong></span> <span class='ocrx_word' id='word_1_136' title='bbox 898 1095 1044 1134; x_wconf 88' lang='lat' dir='ltr'><strong>gemas,</strong></span> <span class='ocrx_word' id='word_1_137' title='bbox 1060 1082 1211 1122; x_wconf 88' lang='lat' dir='ltr'><strong>hostem</strong></span> 
     </span>
     <span class='ocr_line' id='line_1_20' title="bbox 75 1137 1206 1189; baseline -0.001 -12"><span class='ocrx_word' id='word_1_138' title='bbox 75 1137 325 1177; x_wconf 85' lang='lat' dir='ltr'><strong>Dolabellam</strong></span> <span class='ocrx_word' id='word_1_139' title='bbox 350 1137 570 1188; x_wconf 74' lang='lat' dir='ltr'><strong>judicatum</strong></span> <span class='ocrx_word' id='word_1_140' title='bbox 588 1150 611 1175; x_wconf 91' lang='lat' dir='ltr'><strong>a</strong></span> <span class='ocrx_word' id='word_1_141' title='bbox 629 1138 794 1175; x_wconf 83' lang='lat' dir='ltr'><strong>senatu?</strong></span> <span class='ocrx_word' id='word_1_142' title='bbox 824 1150 942 1189; x_wconf 88' lang='lat' dir='ltr'><strong>quem</strong></span> <span class='ocrx_word' id='word_1_143' title='bbox 968 1144 1012 1175; x_wconf 92' lang='lat' dir='ltr'><strong>tu</strong></span> <span class='ocrx_word' id='word_1_144' title='bbox 1031 1137 1206 1176; x_wconf 87' lang='lat' dir='ltr'><strong>ordinem</strong></span> 
     </span>
     <span class='ocr_line' id='line_1_21' title="bbox 74 1191 1206 1243; baseline -0.001 -13"><span class='ocrx_word' id='word_1_145' title='bbox 74 1193 234 1231; x_wconf 84' lang='lat' dir='ltr'><strong>omnino</strong></span> <span class='ocrx_word' id='word_1_146' title='bbox 262 1206 342 1232; x_wconf 88' lang='lat' dir='ltr'><strong>esse</strong></span> <span class='ocrx_word' id='word_1_147' title='bbox 373 1192 529 1230; x_wconf 91' lang='lat' dir='ltr'><strong>nullum</strong></span> <span class='ocrx_word' id='word_1_148' title='bbox 559 1198 699 1243; x_wconf 88' lang='lat' dir='ltr'><strong>putas;</strong></span> <span class='ocrx_word' id='word_1_149' title='bbox 730 1191 796 1230; x_wconf 91' lang='lat' dir='ltr'><strong>sed</strong></span> <span class='ocrx_word' id='word_1_150' title='bbox 830 1203 917 1229; x_wconf 89' lang='lat' dir='ltr'><strong>eam</strong></span> <span class='ocrx_word' id='word_1_151' title='bbox 947 1191 1019 1229; x_wconf 91' lang='lat' dir='ltr'><strong>tibi</strong></span> <span class='ocrx_word' id='word_1_152' title='bbox 1050 1204 1206 1230; x_wconf 88' lang='lat' dir='ltr'><strong>eausam</strong></span> 
     </span>
     <span class='ocr_line' id='line_1_22' title="bbox 74 1245 1203 1298; baseline -0.002 -13"><span class='ocrx_word' id='word_1_153' title='bbox 74 1247 168 1285; x_wconf 90' lang='lat' dir='ltr'><strong>belli</strong></span> <span class='ocrx_word' id='word_1_154' title='bbox 186 1246 343 1298; x_wconf 88' lang='lat' dir='ltr'><strong>gerendi</strong></span> <span class='ocrx_word' id='word_1_155' title='bbox 371 1246 567 1298; x_wconf 88' lang='lat' dir='ltr'><strong>proponis,</strong></span> <span class='ocrx_word' id='word_1_156' title='bbox 594 1252 639 1283; x_wconf 91' lang='lat' dir='ltr'><strong>ut</strong></span> <span class='ocrx_word' id='word_1_157' title='bbox 664 1253 840 1284; x_wconf 88' lang='lat' dir='ltr'><strong>senatum</strong></span> <span class='ocrx_word' id='word_1_158' title='bbox 859 1245 1035 1284; x_wconf 86' lang='lat' dir='ltr'><strong>funditus</strong></span> <span class='ocrx_word' id='word_1_159' title='bbox 1061 1245 1203 1295; x_wconf 86' lang='lat' dir='ltr'><strong>deleas,</strong></span> 
     </span>
     <span class='ocr_line' id='line_1_23' title="bbox 72 1299 1204 1353; baseline -0.002 -13"><span class='ocrx_word' id='word_1_160' title='bbox 72 1301 215 1353; x_wconf 86' lang='lat' dir='ltr'><strong>reliqui</strong></span> <span class='ocrx_word' id='word_1_161' title='bbox 238 1301 331 1340; x_wconf 92' lang='lat' dir='ltr'><strong>boni</strong></span> <span class='ocrx_word' id='word_1_162' title='bbox 357 1308 394 1339; x_wconf 89' lang='lat' dir='ltr'><strong>et</strong></span> <span class='ocrx_word' id='word_1_163' title='bbox 415 1301 625 1351; x_wconf 88' lang='lat' dir='ltr'><strong>locupletes</strong></span> <span class='ocrx_word' id='word_1_164' title='bbox 648 1312 781 1339; x_wconf 93' lang='lat' dir='ltr'><strong>omnes</strong></span> <span class='ocrx_word' id='word_1_165' title='bbox 809 1312 1010 1338; x_wconf 90' lang='lat' dir='ltr'><strong>summum</strong></span> <span class='ocrx_word' id='word_1_166' title='bbox 1029 1299 1204 1338; x_wconf 85' lang='lat' dir='ltr'><strong>ordinem</strong></span> 
     </span>
     <span class='ocr_line' id='line_1_24' title="bbox 72 1353 1205 1408; baseline -0.002 -14"><span class='ocrx_word' id='word_1_167' title='bbox 72 1357 370 1408; x_wconf 85' lang='lat' dir='ltr'><strong>subsequantur.</strong></span> <span class='ocrx_word' id='word_1_168' title='bbox 397 1355 458 1394; x_wconf 90' lang='lat' dir='ltr'><strong>At</strong></span> <span class='ocrx_word' id='word_1_169' title='bbox 471 1368 610 1393; x_wconf 87' lang='lat' dir='ltr'><strong>scurrae</strong></span> <span class='ocrx_word' id='word_1_170' title='bbox 624 1354 750 1392; x_wconf 91' lang='lat' dir='ltr'><strong>filium</strong></span> <span class='ocrx_word' id='word_1_171' title='bbox 765 1355 946 1407; x_wconf 85' lang='lat' dir='ltr'><strong>appellat.</strong></span> <span class='ocrx_word' id='word_1_172' title='bbox 977 1353 1102 1402; x_wconf 88' lang='lat' dir='ltr'><strong>Quasi</strong></span> <span class='ocrx_word' id='word_1_173' title='bbox 1115 1367 1205 1392; x_wconf 86' lang='lat' dir='ltr'><strong>vero</strong></span> 
     </span>
     <span class='ocr_line' id='line_1_25' title="bbox 71 1408 1204 1461; baseline -0.002 -13"><span class='ocrx_word' id='word_1_174' title='bbox 71 1409 228 1461; x_wconf 88' lang='lat' dir='ltr'><strong>ignotus</strong></span> <span class='ocrx_word' id='word_1_175' title='bbox 248 1410 359 1449; x_wconf 90' lang='lat' dir='ltr'><strong>nobis</strong></span> <span class='ocrx_word' id='word_1_176' title='bbox 376 1409 493 1448; x_wconf 88' lang='lat' dir='ltr'><strong>fuerit</strong></span> <span class='ocrx_word' id='word_1_177' title='bbox 505 1408 728 1460; x_wconf 88' lang='lat' dir='ltr'><strong>splendidus</strong></span> <span class='ocrx_word' id='word_1_178' title='bbox 740 1422 856 1461; x_wconf 89' lang='lat' dir='ltr'><strong>eques</strong></span> <span class='ocrx_word' id='word_1_179' title='bbox 869 1409 1087 1458; x_wconf 87' lang='lat' dir='ltr'><strong>Romanus,</strong></span> <span class='ocrx_word' id='word_1_180' title='bbox 1105 1408 1204 1446; x_wconf 84' lang='lat' dir='ltr'><strong>Tre-</strong></span> 
     </span>
     <span class='ocr_line' id='line_1_26' title="bbox 67 1462 1203 1516; baseline -0.002 -13"><span class='ocrx_word' id='word_1_181' title='bbox 67 1464 180 1504; x_wconf 82' lang='grc'>1101111</span> <span class='ocrx_word' id='word_1_182' title='bbox 202 1472 323 1516; x_wconf 90' lang='lat' dir='ltr'><strong>pater.</strong></span> <span class='ocrx_word' id='word_1_183' title='bbox 353 1465 395 1503; x_wconf 93' lang='lat' dir='ltr'><strong>Is</strong></span> <span class='ocrx_word' id='word_1_184' title='bbox 425 1470 556 1502; x_wconf 92' lang='lat' dir='ltr'><strong>autem</strong></span> <span class='ocrx_word' id='word_1_185' title='bbox 584 1463 846 1501; x_wconf 80' lang='lat' dir='ltr'><strong>humilitatem</strong></span> <span class='ocrx_word' id='word_1_186' title='bbox 871 1462 1062 1514; x_wconf 88' lang='lat' dir='ltr'><strong>despicere</strong></span> <span class='ocrx_word' id='word_1_187' title='bbox 1086 1463 1203 1501; x_wconf 90' lang='lat' dir='ltr'><strong>audet</strong></span> 
     </span>
     <span class='ocr_line' id='line_1_27' title="bbox 71 1517 1022 1571; baseline -0.002 -14"><span class='ocrx_word' id='word_1_188' title='bbox 71 1519 318 1571; x_wconf 84' lang='lat' dir='ltr'><strong>cujusquam,</strong></span> <span class='ocrx_word' id='word_1_189' title='bbox 339 1518 408 1571; x_wconf 88' lang='lat' dir='ltr'><strong>qui</strong></span> <span class='ocrx_word' id='word_1_190' title='bbox 427 1531 475 1556; x_wconf 83' lang='lat' dir='ltr'><strong>ex</strong></span> <span class='ocrx_word' id='word_1_191' title='bbox 495 1517 617 1556; x_wconf 56' lang='lat' dir='ltr'><strong>Fadia</strong></span> <span class='ocrx_word' id='word_1_192' title='bbox 637 1518 831 1556; x_wconf 86' lang='lat' dir='ltr'><strong>sustulerit</strong></span> <span class='ocrx_word' id='word_1_193' title='bbox 849 1517 987 1555; x_wconf 90' lang='lat' dir='ltr'><strong>liberos</strong></span> <span class='ocrx_word' id='word_1_194' title='bbox 1005 1519 1022 1556; x_wconf 73' lang='grc' dir='ltr'>Ρ</span> 
     </span>
    </p>

    <p class='ocr_par' dir='ltr' id='par_1_4' title="bbox 57 1571 1201 2225">
     <span class='ocr_line' id='line_1_28' title="bbox 124 1571 1200 1621; baseline -0.003 -9"><span class='ocrx_word' id='word_1_195' title='bbox 124 1573 204 1612; x_wconf 86' lang='grc' dir='ltr'><strong>ΧΙ.</strong></span> <span class='ocrx_word' id='word_1_196' title='bbox 236 1575 265 1596; x_wconf 82' lang='grc'>“</span> <span class='ocrx_word' id='word_1_197' title='bbox 284 1571 593 1612; x_wconf 86' lang='lat' dir='ltr'><strong>Acerbissimum</strong></span> <span class='ocrx_word' id='word_1_198' title='bbox 617 1585 706 1610; x_wconf 89' lang='lat' dir='ltr'><strong>vero</strong></span> <span class='ocrx_word' id='word_1_199' title='bbox 730 1580 799 1621; x_wconf 90' lang='lat' dir='ltr'><strong>est,</strong></span> <span class='ocrx_word' id='word_1_200' title='bbox 827 1579 878 1619; x_wconf 87' lang='lat' dir='ltr'><strong>te,</strong></span> <span class='ocrx_word' id='word_1_201' title='bbox 905 1573 960 1610; x_wconf 87' lang='lat' dir='ltr'><strong>A.</strong></span> <span class='ocrx_word' id='word_1_202' title='bbox 988 1571 1110 1621; x_wconf 88' lang='lat' dir='ltr'><strong>Hirti,</strong></span> <span class='ocrx_word' id='word_1_203' title='bbox 1137 1584 1200 1610; x_wconf 89' lang='lat'>01·-</span> 
     </span>
     <span class='ocr_line' id='line_1_29' title="bbox 67 1626 1201 1680; baseline -0.003 -13"><span class='ocrx_word' id='word_1_204' title='bbox 67 1633 210 1667; x_wconf 83' lang='lat' dir='ltr'><strong>natum</strong></span> <span class='ocrx_word' id='word_1_205' title='bbox 232 1626 353 1680; x_wconf 85' lang='lat' dir='ltr'><strong>[esse]</strong></span> <span class='ocrx_word' id='word_1_206' title='bbox 374 1626 566 1666; x_wconf 88' lang='lat' dir='ltr'><strong>beneficiis</strong></span> <span class='ocrx_word' id='word_1_207' title='bbox 580 1626 754 1675; x_wconf 85' lang='lat' dir='ltr'><strong>Caesaris,</strong></span> <span class='ocrx_word' id='word_1_208' title='bbox 777 1635 814 1665; x_wconf 86' lang='lat' dir='ltr'><strong>et</strong></span> <span class='ocrx_word' id='word_1_209' title='bbox 828 1626 945 1664; x_wconf 87' lang='lat' dir='ltr'><strong>talem</strong></span> <span class='ocrx_word' id='word_1_210' title='bbox 968 1627 1016 1664; x_wconf 89' lang='lat' dir='ltr'><strong>ab</strong></span> <span class='ocrx_word' id='word_1_211' title='bbox 1033 1639 1076 1664; x_wconf 91' lang='lat' dir='ltr'><strong>eo</strong></span> <span class='ocrx_word' id='word_1_212' title='bbox 1092 1626 1201 1664; x_wconf 90' lang='lat' dir='ltr'><strong>relic-</strong></span> 
     </span>
     <span class='ocr_line' id='line_1_30' title="bbox 63 1680 1198 1734; baseline -0.002 -14"><span class='ocrx_word' id='word_1_213' title='bbox 63 1688 171 1730; x_wconf 81' lang='lat' dir='ltr'><strong>tum,</strong></span> <span class='ocrx_word' id='word_1_214' title='bbox 191 1682 347 1734; x_wconf 89' lang='lat' dir='ltr'><strong>qualem</strong></span> <span class='ocrx_word' id='word_1_215' title='bbox 367 1681 448 1733; x_wconf 92' lang='lat' dir='ltr'><strong>ipse</strong></span> <span class='ocrx_word' id='word_1_216' title='bbox 466 1680 729 1727; x_wconf 88' lang='lat' dir='ltr'><strong>miraris,”....</strong></span> <span class='ocrx_word' id='word_1_217' title='bbox 743 1681 940 1732; x_wconf 90' lang='lat' dir='ltr'><strong>Equidem</strong></span> <span class='ocrx_word' id='word_1_218' title='bbox 961 1692 1101 1731; x_wconf 88' lang='lat' dir='ltr'><strong>negare</strong></span> <span class='ocrx_word' id='word_1_219' title='bbox 1118 1693 1198 1719; x_wconf 91' lang='lat' dir='ltr'><strong>non</strong></span> 
     </span>
     <span class='ocr_line' id='line_1_31' title="bbox 67 1734 1200 1788; baseline -0.001 -13"><span class='ocrx_word' id='word_1_220' title='bbox 67 1749 244 1788; x_wconf 87' lang='lat' dir='ltr'><strong>possum,</strong></span> <span class='ocrx_word' id='word_1_221' title='bbox 263 1749 287 1774; x_wconf 90' lang='lat' dir='ltr'><strong>a</strong></span> <span class='ocrx_word' id='word_1_222' title='bbox 307 1736 457 1775; x_wconf 87' lang='lat' dir='ltr'><strong>Caesare</strong></span> <span class='ocrx_word' id='word_1_223' title='bbox 477 1735 657 1773; x_wconf 88' lang='lat' dir='ltr'><strong>Hirtium</strong></span> <span class='ocrx_word' id='word_1_224' title='bbox 675 1744 886 1773; x_wconf 87' lang='lat' dir='ltr'><strong>ornatum:</strong></span> <span class='ocrx_word' id='word_1_225' title='bbox 918 1734 984 1773; x_wconf 89' lang='lat' dir='ltr'><strong>sed</strong></span> <span class='ocrx_word' id='word_1_226' title='bbox 1002 1735 1070 1773; x_wconf 84' lang='lat' dir='ltr'><strong>illa</strong></span> <span class='ocrx_word' id='word_1_227' title='bbox 1087 1747 1200 1774; x_wconf 87' lang='lat' dir='ltr'><strong>orna-</strong></span> 
     </span>
     <span class='ocr_line' id='line_1_32' title="bbox 66 1788 1195 1841; baseline -0.002 -13"><span class='ocrx_word' id='word_1_228' title='bbox 66 1798 213 1840; x_wconf 87' lang='lat' dir='ltr'><strong>menta,</strong></span> <span class='ocrx_word' id='word_1_229' title='bbox 245 1791 287 1829; x_wconf 90' lang='lat' dir='ltr'><strong>in</strong></span> <span class='ocrx_word' id='word_1_230' title='bbox 317 1790 459 1830; x_wconf 86' lang='lat' dir='ltr'><strong>virtute</strong></span> <span class='ocrx_word' id='word_1_231' title='bbox 489 1797 526 1828; x_wconf 89' lang='lat' dir='ltr'><strong>et</strong></span> <span class='ocrx_word' id='word_1_232' title='bbox 553 1788 743 1828; x_wconf 86' lang='lat' dir='ltr'><strong>industria</strong></span> <span class='ocrx_word' id='word_1_233' title='bbox 778 1789 917 1841; x_wconf 87' lang='lat' dir='ltr'><strong>posita,</strong></span> <span class='ocrx_word' id='word_1_234' title='bbox 954 1789 1098 1827; x_wconf 88' lang='lat' dir='ltr'><strong>lucent.</strong></span> <span class='ocrx_word' id='word_1_235' title='bbox 1129 1789 1195 1827; x_wconf 90' lang='lat' dir='ltr'><strong>Tu</strong></span> 
     </span>
     <span class='ocr_line' id='line_1_33' title="bbox 66 1843 1195 1898; baseline -0.001 -15"><span class='ocrx_word' id='word_1_236' title='bbox 66 1857 170 1894; x_wconf 90' lang='lat' dir='ltr'><strong>vero,</strong></span> <span class='ocrx_word' id='word_1_237' title='bbox 190 1845 261 1898; x_wconf 89' lang='lat' dir='ltr'><strong>qui</strong></span> <span class='ocrx_word' id='word_1_238' title='bbox 288 1852 326 1884; x_wconf 91' lang='lat' dir='ltr'><strong>te</strong></span> <span class='ocrx_word' id='word_1_239' title='bbox 344 1846 394 1883; x_wconf 87' lang='lat' dir='ltr'><strong>ab</strong></span> <span class='ocrx_word' id='word_1_240' title='bbox 419 1844 554 1883; x_wconf 91' lang='lat' dir='ltr'><strong>eodem</strong></span> <span class='ocrx_word' id='word_1_241' title='bbox 582 1843 733 1884; x_wconf 89' lang='lat' dir='ltr'><strong>Caesare</strong></span> <span class='ocrx_word' id='word_1_242' title='bbox 755 1851 935 1882; x_wconf 87' lang='lat' dir='ltr'><strong>ornatum</strong></span> <span class='ocrx_word' id='word_1_243' title='bbox 960 1855 1100 1895; x_wconf 89' lang='lat' dir='ltr'><strong>negare</strong></span> <span class='ocrx_word' id='word_1_244' title='bbox 1117 1855 1195 1882; x_wconf 92' lang='lat' dir='ltr'><strong>non</strong></span> 
     </span>
     <span class='ocr_line' id='line_1_34' title="bbox 65 1897 1196 1951; baseline -0.001 -14"><span class='ocrx_word' id='word_1_245' title='bbox 65 1906 189 1951; x_wconf 89' lang='lat' dir='ltr'><strong>potes,</strong></span> <span class='ocrx_word' id='word_1_246' title='bbox 209 1899 305 1951; x_wconf 91' lang='lat' dir='ltr'><strong>quid</strong></span> <span class='ocrx_word' id='word_1_247' title='bbox 324 1912 436 1948; x_wconf 91' lang='lat' dir='ltr'><strong>esses,</strong></span> <span class='ocrx_word' id='word_1_248' title='bbox 457 1899 489 1937; x_wconf 91' lang='lat' dir='ltr'><strong>si</strong></span> <span class='ocrx_word' id='word_1_249' title='bbox 509 1899 580 1938; x_wconf 91' lang='lat' dir='ltr'><strong>tibi</strong></span> <span class='ocrx_word' id='word_1_250' title='bbox 604 1899 670 1937; x_wconf 90' lang='lat' dir='ltr'><strong>ille</strong></span> <span class='ocrx_word' id='word_1_251' title='bbox 688 1911 767 1937; x_wconf 91' lang='lat' dir='ltr'><strong>non</strong></span> <span class='ocrx_word' id='word_1_252' title='bbox 793 1905 874 1936; x_wconf 84' lang='lat' dir='ltr'><strong>tam</strong></span> <span class='ocrx_word' id='word_1_253' title='bbox 897 1898 1022 1936; x_wconf 86' lang='lat' dir='ltr'><strong>multa</strong></span> <span class='ocrx_word' id='word_1_254' title='bbox 1040 1897 1196 1936; x_wconf 86' lang='lat' dir='ltr'><strong>tribuis-</strong></span> 
     </span>
     <span class='ocr_line' id='line_1_35' title="bbox 64 1951 1195 2006; baseline -0.002 -14"><span class='ocrx_word' id='word_1_255' title='bbox 64 1953 150 1992; x_wconf 84' lang='lat' dir='ltr'><strong>set?</strong></span> <span class='ocrx_word' id='word_1_256' title='bbox 179 1966 300 2006; x_wconf 90' lang='lat' dir='ltr'><strong>ecquo</strong></span> <span class='ocrx_word' id='word_1_257' title='bbox 318 1961 357 1992; x_wconf 86' lang='lat' dir='ltr'><strong>te</strong></span> <span class='ocrx_word' id='word_1_258' title='bbox 375 1962 444 1993; x_wconf 86' lang='lat' dir='ltr'><strong>tua</strong></span> <span class='ocrx_word' id='word_1_259' title='bbox 469 1953 591 1993; x_wconf 88' lang='lat' dir='ltr'><strong>virtus</strong></span> <span class='ocrx_word' id='word_1_260' title='bbox 613 1952 875 2005; x_wconf 81' lang='lat' dir='ltr'><strong>provexisset?</strong></span> <span class='ocrx_word' id='word_1_261' title='bbox 905 1965 1024 2004; x_wconf 89' lang='lat' dir='ltr'><strong>ecquo</strong></span> <span class='ocrx_word' id='word_1_262' title='bbox 1043 1951 1195 2003; x_wconf 81' lang='lat' dir='ltr'><strong>genus?</strong></span> 
     </span>
     <span class='ocr_line' id='line_1_36' title="bbox 61 2006 1194 2060; baseline 0 -14"><span class='ocrx_word' id='word_1_263' title='bbox 61 2007 116 2046; x_wconf 89' lang='lat' dir='ltr'><strong>In</strong></span> <span class='ocrx_word' id='word_1_264' title='bbox 134 2008 278 2055; x_wconf 88' lang='lat' dir='ltr'><strong>lustris,</strong></span> <span class='ocrx_word' id='word_1_265' title='bbox 298 2008 465 2060; x_wconf 81' lang='lat' dir='ltr'><strong>popiniS,</strong></span> <span class='ocrx_word' id='word_1_266' title='bbox 492 2008 590 2056; x_wconf 86' lang='lat' dir='ltr'><strong>alea,</strong></span> <span class='ocrx_word' id='word_1_267' title='bbox 617 2007 722 2057; x_wconf 78' lang='grc'>11110,</span> <span class='ocrx_word' id='word_1_268' title='bbox 750 2015 903 2059; x_wconf 88' lang='lat' dir='ltr'><strong>tempus</strong></span> <span class='ocrx_word' id='word_1_269' title='bbox 932 2006 1053 2045; x_wconf 81' lang='lat' dir='ltr'><strong>aetatis</strong></span> <span class='ocrx_word' id='word_1_270' title='bbox 1078 2019 1194 2046; x_wconf 90' lang='lat' dir='ltr'><strong>omne</strong></span> 
     </span>
     <span class='ocr_line' id='line_1_37' title="bbox 63 2061 1192 2113; baseline -0.002 -12"><span class='ocrx_word' id='word_1_271' title='bbox 63 2063 353 2111; x_wconf 82' lang='lat' dir='ltr'><strong>consumsisses,</strong></span> <span class='ocrx_word' id='word_1_272' title='bbox 367 2070 412 2101; x_wconf 91' lang='lat' dir='ltr'><strong>ut</strong></span> <span class='ocrx_word' id='word_1_273' title='bbox 429 2062 608 2110; x_wconf 84' lang='lat' dir='ltr'><strong>faciebas,</strong></span> <span class='ocrx_word' id='word_1_274' title='bbox 626 2075 730 2109; x_wconf 91' lang='lat' dir='ltr'><strong>cum,</strong></span> <span class='ocrx_word' id='word_1_275' title='bbox 744 2061 784 2100; x_wconf 90' lang='lat' dir='ltr'><strong>in</strong></span> <span class='ocrx_word' id='word_1_276' title='bbox 797 2061 953 2113; x_wconf 84' lang='lat' dir='ltr'><strong>gremiis</strong></span> <span class='ocrx_word' id='word_1_277' title='bbox 967 2061 1192 2109; x_wconf 86' lang='lat' dir='ltr'><strong>mimarum,</strong></span> 
     </span>
     <span class='ocr_line' id='line_1_38' title="bbox 57 2116 1122 2169; baseline -0.001 -14"><span class='ocrx_word' id='word_1_278' title='bbox 57 2123 240 2156; x_wconf 88' lang='lat' dir='ltr'><strong>mentum</strong></span> <span class='ocrx_word' id='word_1_279' title='bbox 257 2124 506 2169; x_wconf 89' lang='lat' dir='ltr'><strong>mentemque</strong></span> <span class='ocrx_word' id='word_1_280' title='bbox 523 2117 744 2168; x_wconf 89' lang='lat' dir='ltr'><strong>deponeres.</strong></span> <span class='ocrx_word' id='word_1_281' title='bbox 774 2120 803 2139; x_wconf 84' lang='lat'>“</span> <span class='ocrx_word' id='word_1_282' title='bbox 817 2116 872 2155; x_wconf 89' lang='lat' dir='ltr'><strong>Et</strong></span> <span class='ocrx_word' id='word_1_283' title='bbox 883 2123 934 2165; x_wconf 89' lang='lat' dir='ltr'><strong>te,</strong></span> <span class='ocrx_word' id='word_1_284' title='bbox 947 2130 970 2155; x_wconf 96' lang='grc'>0</span> <span class='ocrx_word' id='word_1_285' title='bbox 982 2116 1122 2168; x_wconf 91' lang='lat' dir='ltr'><strong>puer,”</strong></span> 
     </span>
     <span class='ocr_line' id='line_1_39' title="bbox 60 2169 1191 2225; baseline -0.002 -15"><span class='ocrx_word' id='word_1_286' title='bbox 60 2169 238 2211; x_wconf 84' lang='lat' dir='ltr'><strong>Puerum</strong></span> <span class='ocrx_word' id='word_1_287' title='bbox 256 2172 440 2225; x_wconf 83' lang='lat' dir='ltr'><strong>appellat,</strong></span> <span class='ocrx_word' id='word_1_288' title='bbox 462 2184 580 2224; x_wconf 87' lang='lat' dir='ltr'><strong>quem</strong></span> <span class='ocrx_word' id='word_1_289' title='bbox 594 2183 673 2210; x_wconf 90' lang='lat' dir='ltr'><strong>non</strong></span> <span class='ocrx_word' id='word_1_290' title='bbox 693 2171 808 2211; x_wconf 86' lang='lat' dir='ltr'><strong>modo</strong></span> <span class='ocrx_word' id='word_1_291' title='bbox 828 2171 970 2221; x_wconf 84' lang='lat' dir='ltr'><strong>virum,</strong></span> <span class='ocrx_word' id='word_1_292' title='bbox 991 2170 1056 2210; x_wconf 89' lang='lat' dir='ltr'><strong>sed</strong></span> <span class='ocrx_word' id='word_1_293' title='bbox 1075 2170 1191 2211; x_wconf 81' lang='lat' dir='ltr'><strong>etiam</strong></span> 
     </span>
    </p>
   </div>
  </div>
 </body>
</html>
