1509 2397
232 86 305 124 104
470 83 585 122 PRO
615 83 864 122 MILONE.
896 83 1002 120 CAP.
1032 83 1096 119 25.

227 190 805 255 etiam,multitudodeprehendi
811 204 919 252 posse
925 190 1173 228 indicabatur.
1178 187 1363 226 Nullum

229 248 271 285 in
289 246 398 285 Urbe
411 245 554 294 vicum,
569 245 723 283 nullum
735 245 995 296 angiportum,
1015 256 1094 282 esse
1106 241 1318 304 dicebant,
1308 253 1350 279 m

226 313 305 352 quo
317 299 461 338 Miloni
472 312 549 338 non
561 306 656 337 esset
669 299 855 337 conducta
865 299 1022 336 domus:
1045 310 1153 335 arma
1163 297 1202 334 in
1218 295 1351 334 villam

232 354 504 394 Ocriculanam
518 353 672 391 devecta
684 353 842 391 Tiberi:
864 351 1047 390 (1011111111
1037 363 1078 388 111
1091 350 1187 388 011νο
1199 348 1356 400 Capito-

230 408 311 447 lino
334 408 449 447 scutis
474 407 675 445 refertam:
707 407 822 458 plena
849 406 980 444 omnia
1007 404 1275 442 malleolorum
1302 402 1352 441 ad

230 462 350 501 Urbis
367 461 542 500 incendia
567 468 886 511 comparatorum.
928 459 1025 497 Haec
1049 471 1126 496 non
1149 457 1276 496 delata
1293 469 1353 494 so-

231 516 331 563 lum,
365 515 431 553 sed
458 528 567 566 paene
596 514 763 561 credita,
751 528 761 538 ·
792 527 861 552 1100
894 521 982 552 ante
1017 511 1216 564 repudiata
1247 517 1352 559 sunt,

233 582 353 622 quam
373 569 542 621 quaesita.

289 623 518 661 Laudabam
538 622 716 673 equidem
735 621 996 660 incredibilem
1021 619 1260 670 diligentiam
1279 617 1352 656 Cn.

236 676 437 729 Pompeii:
460 676 524 714 sed
544 676 683 723 dicam,
697 683 741 713 ut
752 676 886 722 sentio,
897 675 1056 724 judices.
1086 673 1217 712 Nimis
1230 672 1356 710 multa

237 731 371 770 audire
388 737 590 781 coguntur,
611 742 735 780 neque
750 730 857 767 aliter
875 729 997 766 facere
1014 733 1187 789 possunt,
1207 726 1249 774 ii,
1270 725 1357 778 qui-

238 787 312 824 bus
332 792 411 823 tota
424 784 627 822 commissa
637 792 693 821 est
703 782 940 834 respublica3
963 782 1058 834 quin
1072 781 1187 819 etiam
1200 780 1358 818 audien-

238 838 311 877 dus
328 838 443 876 fuerit
461 850 562 889 popa
577 837 763 885 Licinius,
783 836 908 875 1105010
928 837 1027 888 quis,
1052 835 1099 873 de
1118 835 1252 873 Circo:
1284 846 1362 872 ser-

241 905 309 933 vos
327 892 505 939 Milonis,
527 891 630 942 apud
642 904 681 930 se
696 891 817 929 ebrios
834 890 966 936 factos,
980 889 1051 928 sibi
1065 888 1252 928 confessos
1264 900 1360 936 esse,

241 958 280 985 se
299 946 346 984 de
371 945 629 984 interficiendo
649 945 722 984 Cn.
743 944 930 996 Pompeio
953 943 1194 994 conjurasse·
1224 941 1362 980 deinde

240 1007 373 1051 postea
391 1012 430 1038 50
449 999 575 1051 gladio
605 1011 827 1050 percussum
851 1011 930 1036 esse
955 1000 1003 1036 ab
1025 1010 1101 1036 uno
1128 997 1176 1035 de
1200 996 1291 1043 illis,
1311 1008 1361 1033 ne

242 1054 437 1092 indicaret.
460 1053 673 1114 Pompeio
663 1066 703 1090 111
721 1053 850 1091 hortos
876 1052 1078 1090 nuntiavit.
1119 1049 1330 1088 Arcessor
1319 1062 1361 1087 111

242 1107 404 1160 primis:
435 1106 482 1145 de
501 1107 711 1145 amicorum
730 1106 930 1153 sententia,
950 1118 1032 1144 rem
1051 1104 1172 1143 defert
1189 1104 1238 1142 ad
1257 1116 1365 1142 sena-

242 1168 341 1201 tum.
372 1161 466 1199 Non
483 1169 669 1222 poteram,
689 1161 730 1198 in
747 1161 852 1198 illius
869 1160 948 1198 mei
971 1159 1179 1211 patriaeque
1201 1157 1368 1197 custodis

245 1215 353 1254 tanta
372 1215 596 1266 suspicione,
616 1227 693 1253 non
718 1222 827 1252 metu
845 1213 1081 1252 exanimari.
1112 1213 1177 1251 sed
1199 1212 1368 1250 mirabar

245 1276 390 1316 tamen,
412 1269 512 1307 credi
530 1282 665 1320 popae·
655 1297 666 1314 ‚
700 1267 974 1319 [ebriosorum]
995 1267 1267 1306 confessionem
1291 1278 1368 1303 ser-

243 1336 382 1362 vorum
397 1323 521 1360 audiri
537 1337 549 1368 3
580 1323 748 1360 vulnus
738 1335 779 1360 m
797 1323 926 1369 latere,
958 1321 1063 1372 quod
1091 1334 1162 1359 acu
1180 1327 1370 1372 punctum

247 1376 453 1424 videretur,
465 1390 535 1428 pro
548 1377 626 1414 ictu
641 1376 860 1427 gladiatoris
874 1375 1038 1427 probari.
1067 1375 1219 1414 Verum
1234 1377 1295 1418 (ut
1307 1373 1369 1411 in-

247 1431 396 1481 telligo)
417 1432 573 1469 cavebat
591 1430 714 1481 magis
731 1430 953 1481 Pompeius,
970 1442 1089 1481 quam
1101 1429 1274 1476 timebat,
1290 1439 1368 1465 non

250 1497 295 1522 ea
313 1485 452 1531 solum,
474 1498 561 1536 quae
579 1484 750 1522 timenda
768 1491 888 1532 erant,
904 1483 970 1522 sed
987 1483 1144 1521 omnino
1162 1482 1306 1529 omnia,
1321 1493 1371 1519 ne

248 1538 397 1589 aliquid
415 1551 481 1577 vos
499 1538 692 1576 timeretis.
723 1538 964 1599 Oppugnata
981 1537 1118 1575 domus
1133 1536 1178 1574 C.
1196 1535 1370 1598 (jammis,

248 1591 447 1630 clarissimi
467 1600 503 1630 et
520 1592 716 1631 fortissimi
733 1592 819 1641 viri,
848 1605 915 1643 per
943 1591 1086 1629 multas
1117 1590 1236 1628 noctis
1259 1590 1372 1628 horas

249 1646 511 1684 nuntiabatur.
541 1647 671 1684 Nemo
689 1646 861 1684 audierat
885 1652 965 1683 tam
985 1645 1121 1683 celebri
1138 1645 1236 1692 1000,
1256 1655 1371 1681 1101110

252 1707 441 1738 senserat:
463 1708 593 1739 tamen
608 1699 844 1738 audiebatur.
875 1699 967 1737 Non
979 1706 1150 1750 poteram
1163 1698 1236 1736 011.
1251 1698 1370 1735 Ρο111-

250 1753 398 1806 peium,
412 1754 724 1804 praestantissima
738 1754 877 1792 virtute
895 1753 1036 1801 virum,
1052 1752 1233 1790 timidum
1248 1751 1371 1802 suspi-

341 1807 636 1858 .diligentiam,
663 1807 743 1846 tota
769 1806 966 1859 republica
994 1806 1179 1858 suscepta,
1210 1805 1373 1844 nimiam

198 1895 206 1902 ,,
250 1861 401 1898 nullam
434 1863 630 1912 putabam.
662 1861 985 1913 Frequentissimo
1019 1868 1148 1898 senatu
1180 1872 1304 1911 nuper
1332 1859 1373 1896 in

253 1914 457 1965 Capitolio,
474 1924 622 1953 senator
632 1915 810 1954 inventus
822 1923 891 1962 est,
905 1914 973 1966 qui
985 1914 1177 1952 Milonem
1193 1927 1282 1952 cum
1296 1913 1372 1951 telo

253 1981 333 2006 esse
351 1967 502 2007 diceret.
532 1969 708 2008 Nudavit
726 1983 765 2008 se
782 1969 823 2007 in
843 1968 1078 2007 sanctissimo
1097 1968 1256 2019 templo,
1276 1980 1373 2018 quo-

251 2022 360 2060 niam
378 2022 456 2061 vita
475 2023 560 2061 talis
579 2031 616 2061 et
641 2023 746 2070 civis,
777 2031 814 2061 et
839 2023 924 2069 viri,
955 2022 1072 2060 fidem
1090 2034 1167 2060 non
1194 2021 1371 2070 faciebat,

249 2076 340 2122 nisi,
361 2089 404 2114 eo
424 2084 583 2124 tacente,
600 2091 658 2116 res
676 2078 716 2129 ip
719 2090 759 2115 sa
776 2078 1007 2129 loqueretur.

307 2129 445 2168 XXV.
477 2130 623 2169 Omnia
647 2131 743 2170 falsa
772 2139 888 2183 atque
916 2129 1131 2182 [insidiose]
1156 2130 1244 2168 ficta
1272 2141 1376 2168 oom-

253 2191 360 2237 perta
373 2191 474 2224 sunt.
504 2185 622 2234 Quod
635 2186 665 2225 si
678 2193 805 2225 tamen
817 2185 1002 2226 metuitur
1013 2184 1129 2225 etiam
1139 2196 1242 2224 nune
1257 2182 1375 2232 Milo,
