1509 2397
563 459 790 501 ORATIO
817 461 986 502 XLIII,

483 734 555 782 IN
590 734 660 783 M.
697 733 1059 783 ANTONIUM

569 870 795 920 Philippica
816 871 973 908 Prima.

702 1031 853 1060 -Φ-

553 1170 997 1211 ARGUMENTUM.

218 1280 536 1320 INTERFECTO
557 1280 693 1319 Idibus
713 1279 869 1318 Martiis
890 1279 1109 1328 C.Caesare,
1124 1276 1185 1318 Μ.
1205 1278 1337 1317 Anto-

217 1335 318 1383 nius,
345 1335 489 1385 collega
515 1335 596 1383 ejus
628 1335 669 1372 in
701 1335 917 1380 consulatu,
943 1334 1016 1372 sibi
1046 1341 1236 1381 metuens,
1257 1344 1336 1371 non

216 1389 343 1427 solum
370 1401 414 1427 eo
443 1388 505 1425 die
526 1388 651 1435 latuit,
677 1401 812 1426 verum
837 1388 952 1426 etiam
979 1386 1075 1426 texit
1099 1387 1338 1439 aliquamdiu

216 1443 372 1481 consilia
403 1455 490 1489 sua,
517 1441 759 1480 simulatione
788 1441 840 1480 ad
862 1450 1014 1493 tempus
1036 1441 1335 1488 accommodata„

216 1496 405 1534 Postridie
425 1495 519 1534 Idus
542 1503 670 1534 actum
698 1503 755 1534 est
779 1508 868 1533 cum
895 1509 938 1534 eo
961 1496 1008 1534 de
1026 1495 1224 1534 communi
1246 1507 1336 1534 con-

215 1550 344 1588 cordia
362 1563 429 1600 per
454 1550 667 1588 consulares
686 1550 810 1587 viros:
839 1557 926 1600 post
944 1549 1046 1587 diem
1074 1549 1246 1596 tertium,
1267 1548 1335 1601 qui

214 1603 290 1641 fuit
326 1604 431 1641 XVI
466 1603 549 1641 Cal.
582 1604 682 1654 Apr.
707 1603 748 1641 in
779 1603 900 1641 aedem
931 1603 1101 1641 Telluris
1131 1611 1335 1641 convocato

216 1664 365 1704 senatu,
398 1657 543 1703 Cicero,
577 1664 767 1708 quantum
792 1657 833 1694 in
859 1656 942 1708 ipso
966 1657 1054 1703 fuit,
1076 1656 1168 1705 jecit
1196 1656 1336 1695 funda-

215 1718 348 1748 menta
375 1711 505 1761 pacis3
535 1710 885 1762 discordiarumque
906 1710 1132 1748 memoriam
1162 1723 1335 1757 omnem,

215 1771 340 1802 vetere
358 1764 657 1802 Atheniensium
677 1765 867 1816 exemplo,
887 1764 1077 1802 oblivione
1103 1763 1336 1814 sempiterna

216 1813 419 1856 delendam
438 1818 593 1856 censuit.
625 1818 716 1866 Quo
735 1818 796 1856 die
814 1818 993 1869 praeclare
1016 1817 1062 1856 de
1081 1830 1159 1869 rep.
1186 1818 1338 1857 locutus

215 1871 427 1917 Antonius,
459 1872 776 1922 consequentibus
806 1872 921 1910 etiam
946 1871 1082 1910 diebus
1111 1883 1189 1909 non
1218 1871 1338 1910 dubia

217 1937 298 1963 suae
329 1925 533 1963 voluntatis
570 1934 796 1976 argumenta
831 1925 921 1964 dare
956 1925 1060 1963 visus
1097 1931 1165 1963 est.
1213 1925 1337 1964 Misso

215 1987 334 2030 parvo
353 1978 447 2023 filio,
467 1978 570 2029 pacis
589 1979 733 2027 obside,
754 1979 795 2017 in
814 1979 1064 2030 Capitolium,
1092 1978 1136 2017 C.
1158 1978 1335 2017 Cassium

215 2032 311 2083 ipse,
322 2032 383 2070 M.
393 2032 563 2070 Brutum
573 2032 758 2084 Lepidus,
766 2033 939 2084 pontifex
950 2032 1159 2079 maximus,
1170 2032 1235 2070 alii
1242 2033 1336 2070 alios

219 2098 267 2124 ex
286 2086 582 2137 tyrannoctonis,
608 2087 707 2137 (qui,
738 2094 823 2137 post
853 2085 1011 2125 Caesaris
1029 2098 1175 2133 necem,
1202 2085 1337 2137 populi

219 2147 258 2178 et
284 2139 448 2178 Antonii
478 2139 648 2178 maxime
677 2140 842 2178 consulis
874 2147 997 2189 metu,
1029 2140 1069 2178 in
1100 2139 1338 2190 Capitolium

219 2205 258 2231 se
287 2193 542 2241 contulerant)
572 2205 686 2233 coenae
708 2193 977 2233 adhibuerunt.
1007 2193 1086 2234 Sed
1104 2193 1233 2233 fictam
1251 2205 1340 2246 per-
