1509 2397
250 65 330 101 ⁴202
494 64 835 104 PHILIPPICA
865 64 924 102 ΙΙ.
955 62 1061 102 Car.
1086 63 1124 100 6.

250 170 491 221 respondero,
517 173 681 212 oblitum
704 185 782 212 esse
806 171 947 224 putetis
968 170 1058 209 mei.
1087 170 1181 209 Non
1199 170 1368 209 tractabo

251 232 295 262 ut
313 226 506 264 consulem
522 240 535 273 ς
556 240 605 265 ne
622 228 686 266 ille
699 227 855 279 quidem
873 237 937 263 me
954 232 999 263 ut
1017 225 1265 263 consularem
1292 222 1368 261 Et-

251 277 284 315 si
302 278 367 316 ille
385 280 493 318 nullo
503 281 618 320 modo
637 283 783 330 consul,
803 281 864 319 vel
882 279 986 330 quod
1003 279 1058 317 ita
1070 279 1177 327 vivit,
1190 278 1252 316 vel
1262 275 1368 329 quod

250 332 306 369 ita
323 345 405 370 rem
417 335 612 384 publicam
624 337 734 387 gerit,
749 336 808 374 vel
821 333 925 386 quod
943 332 997 370 ita
1011 333 1133 372 factus
1144 339 1201 371 eet
1211 331 1365 370 consul:

251 398 335 437 ego,
352 387 431 425 sine
450 389 531 426 ulla
549 391 814 439 controversia,
835 387 1052 427 consularis.

308 440 363 478 Ut
388 441 506 492 igitur
530 444 802 496 intelligeretis,
827 442 982 495 qualem
1003 442 1083 493 ipse
1105 454 1146 480 se
1173 438 1369 479 consulem

250 494 502 545 profiteretur,
536 499 671 547 objecit
703 499 800 536 mihi
832 495 1072 536 consulatum
1100 508 1246 534 meum.
1287 491 1371 540 Qui

251 548 483 598 consulatus,
515 554 628 591 verbo
654 566 776 601 meus,
804 559 930 604 patres
948 551 1161 602 conscripti,
1189 561 1232 587 re
1251 554 1371 586 vester

250 601 337 639 fuit.
378 603 486 650 Quid
505 606 608 644 enim
628 620 696 657 ego
716 606 907 653 constitui,
934 604 1028 657 quid
1045 605 1158 656 gessi,
1179 601 1273 655 quid
1291 600 1368 652 egi,

252 656 326 693 nisi
345 669 392 695 ex
417 658 532 707 hujus
552 660 692 699 ordinis
712 661 880 709 consilio,
901 660 1137 708 auctoritate,
1154 655 1369 696 sententia?

253 709 352 748 Haec
374 719 431 758 tu,
456 712 572 752 homo
597 715 759 765 sapiens,
784 727 861 753 non
887 714 1012 752 solum
1040 713 1234 765 eloquens,
1265 709 1371 761 apud

253 777 331 811 eos,
352 779 517 816 quorum
541 769 695 807 consilio
721 767 980 820 sapientiaque
1001 775 1106 818 gesta
1127 773 1231 813 sunt,
1254 775 1370 802 ausus

254 831 293 856 es
312 819 526 871 vituperare
543 823 560 859 Ρ
590 822 689 870 Quis
703 832 847 870 autem,
861 835 995 861 meum
1006 821 1260 867 consulatum,
1274 831 1373 870 prae-

253 880 311 910 ter
330 873 376 910 P.
399 874 593 923 Clodium,
615 878 683 928 qui
701 877 944 928 vituperaret,
957 877 1135 914 inventus
1154 876 1240 913 est?
1260 873 1373 922 cujus

254 926 412 977 quidem
426 937 463 966 te
470 929 608 979 fatum,
617 931 727 969 sicuti
740 932 784 970 C.
793 931 1014 978 Curionem,
1024 937 1174 976 manet3
1189 926 1373 981 quoniam

253 979 295 1017 id
313 980 418 1018 domi
437 990 513 1021 tuae
533 993 600 1031 est,
622 985 726 1036 quod
742 985 818 1024 fuit
834 986 990 1023 illorum
1008 985 1162 1036 utrique
1179 982 1306 1022 fatale.

309 1035 403 1073 Non
422 1037 547 1088 placet
566 1039 627 1076 M.
641 1041 814 1078 Antonio
834 1040 1051 1078 consulatus
1069 1051 1189 1076 meus.
1217 1037 1277 1075 At
1287 1035 1372 1087 pla-

255 1088 334 1127 cuit
354 1090 399 1127 P.
417 1092 589 1139 Servilio,
613 1101 658 1131 ut
677 1106 765 1131 eum
793 1095 964 1145 primum
987 1093 1182 1131 nominem
1201 1103 1250 1129 ex
1267 1089 1372 1127 iuius

255 1144 437 1195 temporis
451 1147 724 1196 consularibus,
739 1149 807 1200 qui
817 1148 992 1199 proxime
1002 1154 1176 1185 mortuus
1191 1152 1270 1184 est:
1286 1145 1372 1196 pla-

254 1197 334 1235 cuit
357 1198 408 1246 Q.
429 1199 588 1238 Lutatio
615 1201 768 1250 Catulo,
795 1203 905 1252 cujus
927 1214 1076 1252 semper
1096 1201 1138 1238 in
1161 1200 1234 1238 hac
1257 1212 1372 1250 repu-

254 1252 356 1290 blica
374 1254 474 1291 vivet
497 1256 723 1294 auctoritas:
753 1256 897 1307 placuit
921 1255 1071 1294 duobus
1096 1253 1286 1302 Lucullis,
1306 1253 1370 1291 M.

257 1305 407 1353 Crasso,
424 1307 475 1355 Q.
497 1309 717 1357 Hortenzio,
732 1311 777 1349 C.
791 1310 965 1356 Curioni,
987 1309 1048 1347 M.
1065 1308 1228 1360 Lepido,
1249 1308 1294 1347 C.
1305 1307 1372 1345 Pi-

256 1361 354 1408 soni,
371 1361 434 1398 Μ’
456 1362 670 1413 Glabrioni,
687 1365 735 1402 L.
758 1364 947 1412 Volcatio,
960 1364 1006 1402 C.
1027 1363 1182 1414 Figulo,
1202 1362 1256 1400 D.
1273 1361 1374 1402 Sila-

255 1427 320 1462 no,
346 1415 394 1453 L.
416 1417 608 1466 Murenae,
635 1420 703 1470 qui
725 1427 810 1457 tum
835 1427 941 1456 erant
963 1418 1134 1456 consules
1161 1415 1372 1468 designati:

255 1472 402 1522 placuit
427 1472 545 1521 idem,
576 1474 680 1524 quod
707 1473 983 1520 consularibus,
1014 1472 1076 1510 M.
1111 1472 1273 1511 Catoni:
1304 1470 1374 1523 qui

257 1539 348 1565 cum
374 1527 513 1574 multa,
545 1529 624 1565 vita
652 1527 849 1575 excedens,
879 1526 1057 1579 providit,
1091 1533 1176 1565 tum
1204 1527 1309 1579 quod
1335 1533 1375 1564 te

257 1581 451 1620 consulem
469 1594 548 1619 non
567 1582 672 1620 vidit.
702 1582 880 1620 Maxime
894 1595 982 1620 vero
992 1582 1232 1620 consulatum
1242 1593 1376 1619 meum

258 1635 331 1674 Cn.
353 1635 560 1686 Pompeius
579 1636 778 1687 probavit;
809 1636 890 1687 qui,
917 1643 962 1673 ut
986 1648 1049 1674 me
1072 1636 1244 1687 primum
1267 1634 1377 1673 dece-

257 1689 351 1728 dens
370 1701 417 1726 ex
436 1690 547 1740 Syria
560 1691 668 1739 vidit,
689 1691 917 1741 complexus
929 1696 967 1727 et
977 1691 1187 1740 gratulans,
1206 1703 1293 1728 meo
1307 1692 1375 1728 be-

257 1744 392 1782 neficio
410 1744 574 1794 patriam
593 1758 632 1782 se
657 1745 829 1782 visurum
848 1756 926 1781 esse
944 1743 1052 1781 dixit.
1093 1745 1168 1784 Sed
1186 1745 1281 1797 quid
1299 1744 1377 1782 sin-

257 1800 368 1850 gulos
392 1810 647 1836 commemoro
666 1801 682 1834 ?
711 1797 1016 1850 frequentissimo
1041 1799 1190 1838 senatui
1215 1800 1268 1838 sic
1291 1799 1376 1850 pla-

257 1854 351 1901 cuit,
371 1860 416 1889 ut
435 1861 530 1890 esset
548 1865 676 1900 nemo,
693 1853 760 1904 qui
778 1852 875 1890 mihi
892 1864 983 1899 non,
1000 1860 1044 1890 ut
1056 1854 1218 1905 parenti,
1238 1853 1378 1905 gratias

257 1915 409 1959 ageret3
441 1908 599 1958 quinon
618 1907 714 1945 mihi
733 1907 851 1945 vitam
874 1918 998 1955 suam,
1017 1907 1169 1957 liberos,
1188 1909 1374 1957 fortunas,

257 1962 537 2014 rempublicam
555 1962 708 2000 referret
725 1969 929 2012 acceptam.

313 2018 389 2055 VI.
419 2016 508 2064 Sed,
529 2018 711 2068 quoniam
731 2017 807 2054 illis
825 2027 921 2067 quos
932 2017 1142 2067 nominavi,
1158 2025 1215 2055 tot
1232 2023 1270 2055 et
1287 2015 1374 2054 tali-
1389 2013 1395 2019 ’

258 2073 331 2109 bus
349 2071 452 2117 viris,
473 2071 685 2121 respublica
709 2073 840 2109 orbata
858 2075 940 2114 θεὶς
970 2070 1168 2109 veniamus
1186 2070 1235 2109 ad
1254 2069 1374 2118 viVOS‚

258 2125 328 2176 qui
339 2125 416 2163 duo
429 2138 450 2163 e
462 2126 717 2163 consularium
730 2137 890 2163 numero
903 2123 1041 2175 reliqui
1055 2132 1155 2163 sunt.
1185 2125 1233 2163 L.
1248 2123 1376 2171 Cotta,

259 2179 317 2217 vir
334 2191 486 2218 summo
504 2179 672 2231 ingenio,
698 2179 927 2230 summaque
950 2178 1169 2229 prudentia,
1189 2180 1304 2218 rebus
1328 2177 1375 2216 iis
