1509 2397
301 69 418 109 PRO
447 66 698 108 MILONE.
750 67 1102 119 ARGUMENT.
1213 72 1264 115 77

149 178 355 219 hendisset.
371 179 459 226 Ille,
473 176 750 215 dormientem
739 189 779 214 111
789 177 947 215 taberna
957 191 1025 229 pro
1031 178 1172 229 fugitiv
1173 192 1194 217 0
1207 179 1276 217 de-

144 233 391 295 prehensum,
406 241 443 272 et
457 232 552 270 adse
565 231 796 291 perductum
811 244 904 278 esse,
916 233 1173 293 responderat.
1191 232 1272 272 De-

144 288 415 327 nuntiaverant
433 294 564 325 tamen
577 284 794 333 triumviro,
807 297 856 324 ne
868 298 1023 325 servum
1041 287 1269 326 remitteret:

143 341 212 380 sed
232 340 381 394 postera
400 341 462 380 die
485 339 642 387 Coelius,
670 339 849 378 tribunus
867 340 1002 391 plebis,
1024 349 1061 379 et
1080 341 1270 381 Manilius

144 395 340 440 Canianus
366 396 512 446 collega
548 396 644 444 ejuS,
678 402 853 446 ereptum
882 408 904 433 e
933 394 1048 433 domo
1078 395 1271 434 triumviri

142 463 296 489 servum
315 450 461 490 Miloni
478 448 740 487 reddiderunt.

193 504 282 544 Etsi
299 505 452 544 nullam
484 503 532 542 de
564 503 624 541 his
652 502 879 542 criminibus
909 504 1145 544 mentionem
1179 505 1269 544 fecit

139 557 300 608 Cicero,
288 574 298 584 ·
329 567 476 608 tamen,
504 557 596 610 quia
623 558 677 596 ita
695 569 969 609 compereram,
998 560 1133 611 putavi
1152 572 1270 612 expo-

140 613 279 652 nenda.

192 668 302 707 Inter
311 668 471 720 primos,
492 675 529 706 et
547 667 600 716 Q.
622 667 846 719 Pompeius,
868 674 905 705 et
923 667 968 706 C.
989 668 1209 729 Sallustius,
1231 677 1268 708 et

137 721 189 760 Τ.
211 723 418 762 Munatius
447 723 628 768 Plancus,
649 721 796 760 tribuni
824 722 958 774 plebis,
986 722 1268 763 inimicissimas

135 776 335 816 conciones
358 777 406 816 de
435 777 588 815 Milone
612 776 818 824 habebant,
849 777 1053 815 invidiosas
1084 776 1199 815 etiam
1218 778 1267 817 de

137 830 335 881 Cicerone,
374 832 479 884 quod
509 831 703 869 Milonem
730 838 835 869 tanto
873 831 998 869 studio
1034 830 1264 871 defenderet.

136 884 313 937 Eratque
340 887 514 924 maxima
533 898 621 937 pars
639 885 902 923 multitudinis
918 885 1084 947 infensa,
1104 898 1182 924 non
1207 900 1268 925 so-

134 939 221 981 lum
239 940 399 988 Miloni,
413 940 508 979 s'ed
499 939 572 991 ipsi
591 938 721 989 etiam,
742 947 898 993 propter
916 940 1086 978 inv1sum
1104 942 1267 991 patroci-

134 993 261 1043 nium,
283 994 470 1034 Ciceroni.

189 1049 330 1088 Postea
352 1049 563 1101 Pompeius
587 1056 624 1087 et
647 1049 854 1087 Sallustius
880 1048 920 1087 in
946 1048 1160 1101 suspicione
1181 1050 1266 1089 fue-

133 1110 239 1150 runt,
269 1103 312 1142 in
335 1104 501 1155 gratiam
532 1103 675 1142 redisse
705 1116 795 1141 cum
815 1103 967 1142 Milone
1000 1117 1043 1142 ac
1069 1103 1263 1144 Cicerone.

133 1157 304 1196 Plancus
315 1166 446 1197 autem
456 1157 703 1196 infestissime
721 1158 898 1209 perstitit,
920 1166 1036 1210 atque
1053 1158 1094 1196 in
1114 1158 1265 1198 Cicero-

132 1223 224 1250 nem
232 1226 387 1265 quoque
397 1212 691 1251 multitudinem
703 1212 901 1264 instigavit
911 1227 920 1249 :
938 1213 1125 1264 Pompeio
1133 1223 1265 1252 autem

133 1275 355 1318 suspectum
373 1267 537 1305 faciebat
552 1266 761 1314 Milonem,
778 1267 827 1304 ad
841 1267 1049 1318 perniciem
1061 1268 1143 1317 ejus
1159 1281 1264 1306 corn-

132 1321 260 1371 parari
282 1321 363 1359 vim
394 1321 644 1360 vociferatus:
677 1321 965 1372 Pompeiusque
984 1323 1033 1359 ob
1052 1335 1097 1360 ea
1124 1323 1265 1373 saepius

133 1376 378 1425 querebatur,
399 1376 482 1414 fieri
507 1375 579 1413 sibi
605 1387 760 1426 quoque
781 1375 951 1423 insidias,
973 1383 1009 1413 et
1038 1375 1079 1413 id
1107 1376 1261 1427 palam:

132 1441 176 1466 ac
190 1430 336 1478 majore
354 1442 475 1467 manu
490 1442 529 1468 se
543 1430 728 1467 armabat.
759 1429 970 1468 Dicturum
985 1442 1140 1481 quoque
1159 1430 1264 1469 diem

133 1482 309 1522 Ciceroni
323 1484 491 1523 Plancus
509 1483 752 1522 ostendebat:
775 1492 907 1535 postea
924 1492 1055 1522 autem
1075 1483 1126 1531 Q.
1145 1484 1265 1523 Pom-

129 1538 240 1588 peius
259 1538 363 1576 idem
388 1538 589 1576 minitatus
610 1546 701 1576 erat.
742 1537 873 1576 Tanta
901 1546 1031 1576 tamen
1051 1540 1265 1579 constantia

131 1604 176 1637 38
189 1592 284 1631 fides
302 1593 377 1631 fuit
393 1593 602 1641 Ciceronis,
622 1600 668 1630 ut
685 1605 763 1630 non
781 1592 916 1644 populi
929 1606 953 1631 a
967 1605 1006 1631 se
1017 1592 1261 1642 alienatione,

130 1657 210 1685 non
236 1647 309 1686 Cn.
330 1647 510 1699 Pompeii
528 1646 823 1698 suspicionibus,
847 1659 926 1685 non
954 1647 1115 1698 periculi
1137 1647 1263 1687 futuri

130 1709 255 1749 metu,
280 1701 312 1739 si
331 1702 404 1741 sibi
422 1702 503 1740 dies
528 1701 578 1740 ad
595 1701 788 1754 populum
807 1701 1010 1750 diceretur,
1029 1714 1108 1740 non
1130 1703 1261 1752 armis,

130 1767 221 1806 quae
238 1756 398 1808 palam
387 1769 429 1794 m
444 1756 640 1795 Milonem
659 1763 790 1795 sumta
809 1764 930 1804 erant,
951 1755 1131 1795 deterreri
1148 1765 1263 1808 potu-

131 1809 203 1847 erit
221 1823 244 1848 a
267 1810 487 1850 defensione
516 1812 612 1862 ejus,
639 1823 730 1850 cum
754 1818 880 1863 posset
905 1823 1021 1849 omne
1045 1810 1264 1862 periculum

131 1876 263 1913 suum,
276 1874 315 1903 et
328 1865 599 1905 offensionem'
588 1865 755 1904 mimicae
766 1865 1042 1914 multitudinis,
1055 1864 1261 1915 declinare,

128 1917 317 1958 redimere
335 1920 451 1958 8113111
480 1920 554 1959 Cn.
575 1919 755 1982 Pompeii
772 1919 964 1968 animum,
980 1919 1013 1959 si
1030 1920 1195 1971 paulum
1214 1933 1263 1960 ex

92 1993 98 2001 ν
128 1972 258 2013 studio
276 1973 505 2014 defensionis
524 1974 742 2013 181111515581.

184 2026 340 2067 Perlata
367 2029 505 2068 deinde
529 2030 614 2081 lege
645 2028 871 2082 Pompeii,
859 2041 902 2067 111
932 2027 1011 2081 qua
1035 2028 1077 2066 id
1106 2042 1262 2091 quoque

129 2081 316 2133 scriptum
349 2091 443 2133 erat,
472 2091 517 2122 ut
546 2083 726 2134 (1111851101-
758 2083 942 2145 suffragio
967 2082 1118 2144 populi,
1146 2096 1195 2121 ex
1213 2084 1261 2123 iis

123 2135 200 2186 qui
217 2137 390 2177 consules
403 2139 571 2187 fuerant,
585 2147 789 2187 crearetur,
802 2138 932 2177 statim
945 2137 1100 2177 comitia
1110 2137 1261 2186 habuit,

129 2197 354 2244 creatusque
385 2201 464 2232 erat
494 2193 540 2232 L.
571 2192 771 2233 Domitius
798 2193 1046 2232 AEnobarbus
1073 2191 1265 2243 quaesitor.

913 2259 945 2286 H
968 2252 991 2285 3
