1509 2397
237 81 318 118 244
474 79 816 120 PHILIPPICA
845 80 930 119 ΙΙΙ.
959 80 1066 120 Cn.
1086 81 1126 118 3.

235 187 347 226 dibili
371 200 414 227 ac
437 187 566 228 divina
593 188 762 241 quadam
787 196 916 228 mente
938 196 1054 241 atque
1076 188 1230 235 virtute,
1260 194 1361 238 tum,

236 255 327 280 cum
359 243 529 282 maxime
557 243 663 281 furor
693 244 839 282 arderet
870 243 1049 289 Antonii,
1083 254 1250 303 cum-que
1280 244 1363 293 ejus

236 309 261 333 a
293 297 502 335 Brundisio
533 297 694 336 crudelis
723 306 759 336 et
791 297 945 349 pestifer
977 297 1120 335 reditus
1150 296 1363 345 timeretur,

238 362 308 388 nec
337 351 632 402 postulantibus,
665 365 734 391 nec
767 351 1035 403 cogitantibus,
1065 363 1114 389 ne
1143 350 1364 402 optantibus

236 405 397 456 quidem
410 406 532 453 nobis,
548 406 656 457 (quia
675 406 756 443 fieri
770 418 847 443 non
866 418 976 457 posse
992 405 1205 452 videbatur)
1226 403 1366 442 firmis-

240 459 385 497 simum
405 460 614 497 exercitum
635 473 682 497 ex
701 460 842 497 invicto
861 472 998 510 genere
1009 467 1274 497 veteranorum
1293 459 1367 495 mi-

244 513 359 551 litum
392 526 547 565 compar
550 514 640 560 avit,
679 513 1031 565 patrimoniumque
1069 525 1184 551 suum
1202 511 1363 550 effudit:

242 570 501 618 (quamquam
517 580 592 605 non
606 581 692 606 sum
711 581 803 606 usus
822 580 865 605 eo
879 569 1006 615 verbo,
1024 579 1100 619 quo
1119 565 1267 604 decuit:
1289 578 1366 604 non

241 621 345 658 enim
358 621 506 668 effudit,
528 622 592 659 sed
607 622 646 659 in
667 623 789 659 salute
807 622 1027 673 reipublicae
1042 620 1268 668 collocavit.)
1289 620 1367 658 Cui

245 688 484 727 quamquam
514 676 636 726 gratia
667 676 797 714 referri
825 683 932 713 tanta
959 688 1036 713 non
1062 682 1199 726 potest,
1223 681 1368 726 quanta

243 729 429 774 debetur,
420 744 428 752 ·
461 730 636 768 habenda
661 737 790 768 tamen
816 738 924 767 tanta
943 737 1012 776 est,
1039 737 1225 781 quantam
1245 728 1370 766 maxi-

245 796 352 820 mam
373 783 492 821 animi
504 784 622 822 nostri
633 797 767 835 capere
779 793 950 835 possunt.
975 758 1081 831 Quis
1099 783 1203 821 em'm
1223 790 1279 820 est
1290 790 1371 820 tam

241 837 401 888 ignarus
420 851 564 885 rerum,
586 846 666 876 tam
686 838 783 876 nihil
795 837 843 876 de
861 851 902 876 re
926 837 1083 889 publica
1097 836 1280 888 cogitans,
1301 835 1371 888 qui

246 891 319 930 hoc
338 904 414 929 non
434 892 645 944 intelligat:
678 893 710 930 si
725 892 785 930 M.
795 893 993 930 Antonius
1015 905 1038 930 a
1055 890 1264 930 Brundisio
1281 903 1372 929 cum

244 945 292 984 iis
323 945 452 996 copiis,
477 959 573 998 quas
599 959 637 984 se
664 946 890 984 habiturum
913 947 1087 997 putabat,
1118 945 1302 992 Romam,
1327 952 1373 983 ut

244 1000 478 1047 minabatur,
500 1000 627 1038 venire
646 1000 843 1051 potuisset,
864 1000 1018 1038 nullum
1036 1012 1157 1051 genus
1176 1011 1265 1037 eum
1286 1011 1375 1037 cru-

246 1053 413 1092 delitatis
431 1054 715 1105 praeteriturum
734 1054 882 1092 fuisse?
913 1054 1057 1106 quippe
1075 1053 1159 1105 qui,
1183 1054 1224 1091 in
1243 1052 1374 1104 hospi-

247 1107 297 1145 tis
317 1108 424 1145 tectis
442 1108 655 1156 Brundisii,
683 1108 908 1147 fortissimos
928 1108 1040 1156 viros,
1068 1109 1167 1146 cives
1191 1107 1371 1159 optimos,

244 1161 420 1212 jugulari
435 1162 576 1211 jussit3
598 1175 764 1214 quorum
784 1170 872 1200 ante
890 1162 1006 1214 pedes
1025 1163 1107 1211 ejus
1124 1160 1374 1200 morientium

247 1216 437 1266 sanguine
452 1229 493 1256 os
506 1217 636 1254 uxoris
648 1229 863 1268 respersum
879 1229 958 1254 esse
972 1217 1180 1254 constabat.
1211 1215 1299 1254 Hac
1309 1214 1376 1252 ille

246 1270 472 1308 crudelitate
490 1271 678 1318 imbutus,
700 1283 790 1308 cum
808 1271 933 1309 multo
951 1270 1061 1308 bonis
1079 1270 1260 1309 omnibus
1271 1268 1377 1307 veni-

247 1331 306 1362 ret
333 1324 477 1372 iratior,
508 1338 627 1376 quam
654 1325 730 1363 illis
757 1325 897 1371 fuerat,
927 1337 1023 1376 quos
1051 1324 1285 1368 trucidarat3
1315 1323 1377 1361 0111

248 1378 405 1416 tandem
426 1382 613 1426 nostrum,
633 1387 702 1417 aut
721 1379 783 1417 cui
806 1379 963 1417 omnino
982 1380 1097 1426 bono,
1117 1377 1344 1438 pepercisset
1357 1379 1375 1416 ’ἓ

304 1432 397 1480 Qua
409 1442 513 1493 peste
526 1433 817 1484 rempublicam,
833 1433 981 1484 privato
993 1432 1162 1479 consilio,
1172 1436 1259 1475 (nee
1273 1430 1378 1470 enim

249 1485 333 1524 fieri
361 1487 488 1537 potuit
513 1487 638 1535 aliter)
661 1487 789 1526 Caesar
814 1487 1015 1525 liberavit.
1047 1487 1116 1538 qui
1140 1486 1215 1524 nisi
1236 1486 1278 1524 in
1306 1485 1378 1523 hae

251 1540 449 1591 republica
473 1549 587 1580 natus
613 1548 720 1589 esset,
749 1541 1029 1593 rempublicam
1057 1542 1194 1579 scelere
1212 1537 1378 1578 Antonii

250 1595 402 1632 nullam
428 1595 669 1633 haberemus.
711 1595 773 1634 Sic
799 1596 901 1632 enim
930 1595 1129 1656 perspicio,
1154 1594 1208 1632 sic
1231 1593 1378 1644 judico,

250 1648 326 1686 nisi
345 1661 446 1687 unus
466 1649 681 1688 adolescens
699 1649 803 1687 illius
827 1648 990 1687 furentis
1008 1649 1176 1700 impetus
1199 1647 1380 1686 crudelis-

249 1702 446 1754 simosque
465 1711 624 1741 conatus
642 1703 886 1750 cohibuisset,
907 1703 1185 1753 rempublicam
1205 1701 1380 1740 funditus

252 1756 495 1794 interituram
514 1756 640 1795 fuisse.
672 1757 749 1795 Cui
766 1756 938 1808 quidem,
957 1756 1142 1794 hodierno
1160 1756 1235 1804 die,
1256 1763 1382 1807 patres

254 1810 473 1862 conscripti,
505 1814 626 1854 (nunc
645 1811 749 1849 enim
776 1811 948 1862 primum
972 1810 1027 1848 ita
1054 1811 1316 1858 convenimus,
1336 1816 1381 1847 ut

254 1864 360 1902 illius
379 1865 562 1903 beneficio
580 1878 791 1917 possemuS,
816 1878 905 1916 qnae
927 1866 1165 1911 sentiremus,
1185 1865 1303 1903 libere
1322 1863 1380 1901 di-

252 1926 356 1963 cere)
377 1918 581 1957 tribuenda
603 1926 659 1957 est
683 1919 900 1966 auctoritas,
927 1926 973 1956 ut
991 1919 1283 1970 rempublicam,
1303 1929 1380 1955 non

255 1973 371 2011 modo
397 1986 419 2010 a
438 1985 478 2010 se
497 1981 725 2024 susceptam,
747 1972 814 2011 sed
833 1973 948 2011 etiam
966 1986 989 2011 a
1011 1974 1120 2013 nobis
1138 1971 1383 2012 commenda-

249 2033 349 2072 tam,
370 2027 489 2078 possit
509 2027 721 2065 defendere.

312 2081 396 2118 111.
428 2081 513 2119 Νο0
531 2094 620 2119 vero
638 2081 685 2119 de
703 2081 853 2132 legione
873 2079 1019 2119 Martia
1042 2081 1244 2133 (quoniam
1262 2080 1381 2130 longo

254 2134 459 2172 intervallo
477 2135 586 2186 loqui
603 2136 713 2174 nobis
731 2135 779 2173 de
796 2136 993 2187 republica
1005 2136 1109 2183 licet)
1129 2135 1230 2174 sileri
1243 2139 1378 2186 potest.

258 2188 362 2235 Quis
383 2189 486 2227 enim
505 2202 606 2227 unus
625 2189 771 2236 fortior,
784 2190 871 2240 quis
889 2189 1046 2228 amicior
1064 2201 1238 2241 unquam
1255 2188 1384 2239 reipu-

259 2242 374 2281 blicae
389 2243 478 2293 fuit,
497 2256 621 2296 quam
648 2244 749 2295 legio
765 2243 912 2284 Martia
935 2243 1142 2282 universa?
1170 2256 1272 2296 quae,
1293 2252 1384 2281 cum
