1555 2433
367 85 484 125 PRO
512 85 723 124 BALBO.
754 85 860 124 CAP.
880 85 947 124 ⁴28.
1162 86 1216 130 27

98 203 257 230 numero
272 191 420 230 dierum
439 204 550 231 novo.
581 192 707 241 Idem,
722 192 763 230 in
782 192 968 244 angustiis
988 192 1124 240 aerarfl,
1138 193 1218 232 vic-

98 252 219 283 torem
237 245 446 284 exercitum
465 246 652 298 stipendio
670 246 793 284 affecit
808 261 821 292 ς
851 247 1070 298 imperatori
1087 246 1218 285 decem

96 298 238 350 legatos
256 299 446 345 decrevit;
474 301 558 351 lege
583 300 811 351 Sempronia
837 300 1114 339 succedendum
1139 312 1217 338 non

96 352 254 390 censuit.
283 353 436 395 Harum
450 367 520 405 ego
532 355 806 392 sententiarum
821 362 859 392 et
875 355 1051 406 princeps
1071 362 1107 391 et
1126 367 1216 392 auc-

98 412 158 444 tor
175 406 232 444 fui
246 421 259 444 =
286 419 411 458 neque
435 420 498 446 me
520 407 743 447 dissensioni
767 421 863 446 meae
892 408 1062 459 pristinae
1086 407 1220 458 putavi

93 459 220 510 potius
238 461 421 508 assentiri,
437 474 556 513 quam
568 462 817 513 praesentibus
831 461 1050 513 reipublicae
1068 469 1218 513 tempo-

93 513 200 551 ribus
211 521 248 552 et
259 514 479 563 concordiae,
495 516 702 555 convenire.
724 517 816 554 Non
827 516 930 553 idem
944 515 1027 553 aliis
1041 515 1190 553 videtui·
1200 529 1213 552 z

93 575 182 605 sunt
199 567 354 607 fortasse
379 569 420 606 in
440 570 624 608 sententia
642 570 839 608 fixmiores.
870 568 1127 621 Reprehendo
1145 581 1214 607 ne·

93 621 238 660 minem
254 635 267 668 ;
297 622 362 661 sed
380 623 563 661 assentior
579 636 657 662 non
676 623 854 662 omnibus
869 638 880 661 ι
910 636 1036 674 neque
1055 635 1135 661 esse
1153 622 1216 660 in-

92 675 296 714 constantis
323 683 433 728 puto,
457 677 683 715 sententiam
707 677 894 728 aliquam,
921 685 1122 728 tamquam
1145 676 1214 714 ali-

91 728 196 779 quod
206 729 417 781 navigium‚
430 738 545 783 atque
558 743 728 780 cursum,
745 744 794 770 ex
808 730 1030 782 reipublicae
1047 737 1214 782 tempes-

93 789 171 820 tate
186 783 387 822 moderari.

146 835 236 884 Sed,
260 837 292 875 si
313 837 382 889 qui
405 845 508 886 sunt,
536 839 677 890 quibus
703 838 899 877 infinitum
922 838 970 876 sit
993 837 1140 884 odium,
1171 836 1213 875 in

92 902 189 940 quos
205 891 323 928 semel
340 900 558 943 susceptum
571 893 619 930 sit
632 896 744 944 (quos
756 892 865 931 video
880 905 961 931 esse
973 891 1211 939 nonnullos),

92 955 182 981 cum
199 943 359 983 ducibus
377 945 482 997 ipsis,
502 958 580 984 non
599 959 688 984 cum
706 947 887 985 comitatu
906 944 1214 984 assectatoribus-

91 1009 181 1048 que,
197 999 412 1049 confligant.
443 1000 560 1037 Illam
572 1000 674 1038 enim
689 1000 845 1038 fortasse
855 999 1101 1051 pertinaciam
1116 1011 1214 1036 non-

91 1050 203 1098 nulli,
223 1051 402 1090 virtutem
414 1053 493 1099 alii,
508 1055 726 1104 putabunt3
755 1054 854 1092 hanc
866 1066 953 1092 vero
970 1052 1214 1104 iniquitatem

89 1116 221 1142 omnes
253 1119 342 1144 cum
369 1107 500 1159 aliqua
529 1107 750 1146 crudelitate
777 1109 1032 1157 conjunctam.
1063 1106 1153 1153 Sed,
1180 1105 1213 1143 si

92 1164 281 1197 certorum
299 1159 503 1199 hominum
521 1169 669 1199 mentes
687 1161 797 1199 nulla
808 1161 952 1199 ratione
969 1160 1132 1212 placare,
1145 1161 1212 1209 ju-

89 1210 203 1260 dices,
229 1226 457 1264 possumus3
488 1222 630 1253 vestros
650 1215 807 1266 quidem
826 1215 987 1260 animm,
1007 1221 1105 1252 certe
1123 1225 1213 1251 con-

88 1263 256 1313 fidimus,
275 1279 353 1304 non
377 1267 545 1306 oratione
567 1269 711 1316 nostra,
733 1268 799 1306 sed
815 1267 1054 1306 humanitate
1075 1266 1211 1313 vestra,

89 1329 168 1356 esse
184 1319 364 1369 placatos.

144 1371 353 1411 XXVIII.
384 1373 493 1421 Quid
510 1373 612 1413 enim
632 1381 701 1422 est,
718 1387 785 1412 cur
796 1386 873 1412 non
891 1373 1018 1425 potius
1037 1372 1086 1411 ad
1105 1385 1213 1410 sum-

90 1436 197 1462 mam
214 1425 369 1464 laudem
387 1427 491 1475 huic,
512 1440 630 1479 quam
644 1428 692 1465 ad
706 1427 910 1465 minimam
922 1426 1110 1474 fraudem,
1124 1426 1213 1464 Cae-

89 1478 182 1517 saris
193 1478 429 1519 familiaritas
443 1481 566 1519 valere
578 1481 711 1519 debeat
724 1483 741 1520 ‚⁹
770 1481 958 1532 Cognovit
968 1480 1182 1518 adolescens
1196 1493 1209 1517 ε

90 1532 234 1583 placuit
251 1533 399 1572 homini
417 1535 710 1585 prudentissimo
727 1550 737 1572 ε
767 1534 808 1573 in
828 1535 981 1573 summa
999 1534 1211 1572 amicorum

90 1586 214 1638 copia,
237 1600 327 1625 cum
359 1587 663 1627 familiarissimis
693 1590 775 1638 ejus
806 1596 863 1627 est
891 1589 1136 1639 adaequatus:
1167 1587 1209 1624 in

90 1641 270 1690 praetura,
300 1641 341 1680 in
370 1642 583 1689 consulatu,
613 1643 835 1694 praefectum
864 1643 1017 1680 fabi-sim
1045 1641 1183 1679 detulit
1196 1655 1208 1679 ε

89 1694 290 1732 consilium
322 1695 487 1734 hominis
515 1697 703 1747 probavit,
733 1696 849 1734 fidem
875 1704 934 1734 est
959 1695 1206 1747 complexus:

89 1745 225 1795 officia,
244 1750 599 1800 observantiamque
622 1750 766 1789 dilexit.
802 1750 895 1789 Fuit
912 1750 974 1788 hic
992 1750 1206 1787 multorum

87 1798 147 1838 illi
163 1801 339 1840 laborum
350 1803 480 1842 ‘socius
498 1804 703 1854 aliquando
718 1818 728 1842 ε
759 1811 814 1842 est
824 1803 982 1842 fortasse
995 1815 1100 1841 nunc
1110 1814 1208 1840 non-

88 1853 284 1894 nullorum
312 1857 498 1908 particeps
523 1857 823 1896 commodorum.
864 1856 965 1904 Quae
990 1856 1147 1907 quidem
1172 1855 1206 1893 si

88 1905 180 1945 huic
196 1909 387 1948 obfuerint
405 1911 511 1961 apud
533 1923 613 1958 vos,
637 1923 714 1950 non
732 1911 918 1961 intelligo,
938 1909 1042 1962 quod
1059 1911 1206 1948 bonum

89 1960 268 2012 cuiquam
286 1963 337 2001 sit
354 1964 457 2014 apud
475 1964 568 2002 tales
587 1965 685 2004 viros
703 1964 962 2016 profuturum.

142 2014 232 2064 Sed,
252 2017 434 2067 quoniam
453 2017 499 2056 C.
520 2018 646 2056 Caesas
664 2020 770 2056 abest
786 2017 1020 2069 longissime,
1033 2023 1149 2067 atque
1162 2015 1204 2053 in

86 2065 134 2105 iis
152 2074 210 2106 est
226 2081 328 2108 nunc
345 2070 452 2119 lociS,
467 2085 554 2122 quae
565 2072 715 2122 regione
733 2073 864 2109 orbem
876 2082 1076 2116 terrarum,
1090 2071 1203 2107 rebus

87 2119 191 2159 illius
208 2123 323 2172 gestis
340 2123 546 2175 impe1ium
556 2125 689 2176 populi
703 2125 885 2171 Romani,
905 2124 1116 2167 definiunt;
1136 2134 1206 2159 no-

88 2172 169 2221 lite,
188 2187 256 2226 per
268 2175 372 2215 Deos
382 2177 617 2218 immortales
630 2178 639 2216 !
671 2178 830 2229 judices,
842 2178 946 2217 hunc
955 2177 1013 2216 illi
1024 2177 1203 2215 acerbum
