<?xml version="1.0" encoding="UTF-8"?>
<!DOCTYPE html PUBLIC "-//W3C//DTD XHTML 1.0 Transitional//EN"
    "http://www.w3.org/TR/xhtml1/DTD/xhtml1-transitional.dtd">
<html xmlns="http://www.w3.org/1999/xhtml" xml:lang="en" lang="en">
 <head>
  <title>
</title>
<meta http-equiv="Content-Type" content="text/html;charset=utf-8" />
  <meta name='ocr-system' content='tesseract 3.04.00' />
  <meta name='ocr-capabilities' content='ocr_page ocr_carea ocr_par ocr_line ocrx_word'/>
</head>
<body>
  <div class='ocr_page' id='page_1' title='image "./operaern08ciceuoft_0206.png"; bbox 0 0 1509 2397; ppageno 0'>
   <div class='ocr_carea' id='block_1_1' title="bbox 210 109 1088 150">
    <p class='ocr_par' dir='ltr' id='par_1_1' title="bbox 210 109 1088 150">
     <span class='ocr_line' id='line_1_1' title="bbox 210 109 1088 150; baseline 0.002 -4"><span class='ocrx_word' id='word_1_1' title='bbox 210 109 287 148; x_wconf 80' lang='lat'>192</span> <span class='ocrx_word' id='word_1_2' title='bbox 417 111 419 113; x_wconf 73' lang='grc'><strong>’</strong></span> <span class='ocrx_word' id='word_1_3' title='bbox 454 109 793 150; x_wconf 83' lang='lat' dir='ltr'><strong>PHILIPPICA</strong></span> <span class='ocrx_word' id='word_1_4' title='bbox 823 110 859 150; x_wconf 90' lang='grc' dir='ltr'>Ι.</span> <span class='ocrx_word' id='word_1_5' title='bbox 887 111 993 150; x_wconf 81' lang='lat' dir='ltr'><strong>CAP.</strong></span> <span class='ocrx_word' id='word_1_6' title='bbox 1026 110 1088 150; x_wconf 89' lang='lat' dir='ltr'>ll.</span> 
     </span>
    </p>
   </div>
   <div class='ocr_carea' id='block_1_2' title="bbox 203 216 1331 2274">
    <p class='ocr_par' dir='ltr' id='par_1_2' title="bbox 205 216 1328 1403">
     <span class='ocr_line' id='line_1_2' title="bbox 205 216 1327 271; baseline 0 -16"><span class='ocrx_word' id='word_1_7' title='bbox 205 224 286 263; x_wconf 76' lang='lat' dir='ltr'>tur,</span> <span class='ocrx_word' id='word_1_8' title='bbox 316 230 365 257; x_wconf 90' lang='lat' dir='ltr'>ne</span> <span class='ocrx_word' id='word_1_9' title='bbox 393 218 492 257; x_wconf 84' lang='lat' dir='ltr'>illud</span> <span class='ocrx_word' id='word_1_10' title='bbox 521 220 678 271; x_wconf 90' lang='lat' dir='ltr'>quidem</span> <span class='ocrx_word' id='word_1_11' title='bbox 707 220 839 259; x_wconf 85' lang='lat' dir='ltr'>licuit:</span> <span class='ocrx_word' id='word_1_12' title='bbox 869 220 947 258; x_wconf 86' lang='lat' dir='ltr'>i11ae</span> <span class='ocrx_word' id='word_1_13' title='bbox 975 220 1079 258; x_wconf 87' lang='lat' dir='ltr'>enim</span> <span class='ocrx_word' id='word_1_14' title='bbox 1107 216 1217 258; x_wconf 72' lang='lat' dir='ltr'>nulla</span> <span class='ocrx_word' id='word_1_15' title='bbox 1236 229 1327 269; x_wconf 71' lang='lat' dir='ltr'>prot-</span> 
     </span>
     <span class='ocr_line' id='line_1_3' title="bbox 207 273 1321 326; baseline 0.001 -18"><span class='ocrx_word' id='word_1_16' title='bbox 207 283 276 309; x_wconf 92' lang='lat' dir='ltr'>mu</span> <span class='ocrx_word' id='word_1_17' title='bbox 295 273 444 312; x_wconf 66' lang='lat' dir='ltr'>catione</span> <span class='ocrx_word' id='word_1_18' title='bbox 461 274 549 312; x_wconf 82' lang='lat' dir='ltr'>latae</span> <span class='ocrx_word' id='word_1_19' title='bbox 567 282 657 312; x_wconf 90' lang='lat' dir='ltr'>sunt</span> <span class='ocrx_word' id='word_1_20' title='bbox 681 282 769 313; x_wconf 87' lang='lat' dir='ltr'>ante</span> <span class='ocrx_word' id='word_1_21' title='bbox 787 287 906 326; x_wconf 90' lang='lat' dir='ltr'>quam</span> <span class='ocrx_word' id='word_1_22' title='bbox 925 274 1084 325; x_wconf 81' lang='lat' dir='ltr'>scriptae.</span> <span class='ocrx_word' id='word_1_23' title='bbox 1113 273 1321 322; x_wconf 70' lang='lat' dir='ltr'>Quaerunt,</span> 
     </span>
     <span class='ocr_line' id='line_1_4' title="bbox 207 326 1324 380; baseline -0.001 -17"><span class='ocrx_word' id='word_1_24' title='bbox 207 326 302 376; x_wconf 89' lang='lat' dir='ltr'>quid</span> <span class='ocrx_word' id='word_1_25' title='bbox 322 327 382 373; x_wconf 78' lang='lat' dir='ltr'>sit,</span> <span class='ocrx_word' id='word_1_26' title='bbox 403 340 470 365; x_wconf 88' lang='lat' dir='ltr'>cur</span> <span class='ocrx_word' id='word_1_27' title='bbox 489 336 555 366; x_wconf 87' lang='lat' dir='ltr'>aut</span> <span class='ocrx_word' id='word_1_28' title='bbox 573 342 657 380; x_wconf 78' lang='lat' dir='ltr'>ego,</span> <span class='ocrx_word' id='word_1_29' title='bbox 684 336 751 366; x_wconf 81' lang='lat' dir='ltr'>aut</span> <span class='ocrx_word' id='word_1_30' title='bbox 770 328 975 380; x_wconf 88' lang='lat' dir='ltr'>quisquam</span> <span class='ocrx_word' id='word_1_31' title='bbox 995 330 1175 374; x_wconf 63' lang='lat' dir='ltr'>vestrum,</span> <span class='ocrx_word' id='word_1_32' title='bbox 1198 332 1324 378; x_wconf 62' lang='lat' dir='ltr'>patres</span> 
     </span>
     <span class='ocr_line' id='line_1_5' title="bbox 207 381 1322 433; baseline 0.001 -17"><span class='ocrx_word' id='word_1_33' title='bbox 207 381 422 432; x_wconf 63' lang='lat' dir='ltr'>conscripti,</span> <span class='ocrx_word' id='word_1_34' title='bbox 441 383 552 420; x_wconf 88' lang='lat' dir='ltr'>bonis</span> <span class='ocrx_word' id='word_1_35' title='bbox 570 383 733 421; x_wconf 81' lang='lat' dir='ltr'>tribunis</span> <span class='ocrx_word' id='word_1_36' title='bbox 751 382 888 433; x_wconf 83' lang='lat' dir='ltr'>plebis,</span> <span class='ocrx_word' id='word_1_37' title='bbox 903 383 1005 433; x_wconf 86' lang='lat' dir='ltr'>leges</span> <span class='ocrx_word' id='word_1_38' title='bbox 1023 382 1146 420; x_wconf 87' lang='lat' dir='ltr'>malas</span> <span class='ocrx_word' id='word_1_39' title='bbox 1162 385 1322 419; x_wconf 84' lang='lat' dir='ltr'>metuat.</span> 
     </span>
     <span class='ocr_line' id='line_1_6' title="bbox 208 433 1324 487; baseline 0.004 -17"><span class='ocrx_word' id='word_1_40' title='bbox 208 433 368 473; x_wconf 85' lang='lat' dir='ltr'>Paratos</span> <span class='ocrx_word' id='word_1_41' title='bbox 409 435 610 483; x_wconf 72' lang='lat' dir='ltr'>habemus,</span> <span class='ocrx_word' id='word_1_42' title='bbox 651 437 718 487; x_wconf 86' lang='lat' dir='ltr'>qui</span> <span class='ocrx_word' id='word_1_43' title='bbox 754 436 1013 482; x_wconf 81' lang='lat' dir='ltr'>intercedant3</span> <span class='ocrx_word' id='word_1_44' title='bbox 1056 443 1222 487; x_wconf 71' lang='lat' dir='ltr'>paratos,</span> <span class='ocrx_word' id='word_1_45' title='bbox 1254 433 1324 485; x_wconf 88' lang='lat' dir='ltr'>qui</span> 
     </span>
     <span class='ocr_line' id='line_1_7' title="bbox 205 489 1326 541; baseline 0.001 -16"><span class='ocrx_word' id='word_1_46' title='bbox 205 489 483 539; x_wconf 80' lang='lat' dir='ltr'>rempublicam</span> <span class='ocrx_word' id='word_1_47' title='bbox 508 491 689 541; x_wconf 80' lang='lat' dir='ltr'><strong>religione</strong></span> <span class='ocrx_word' id='word_1_48' title='bbox 715 490 947 528; x_wconf 76' lang='lat' dir='ltr'><strong>defendant:</strong></span> <span class='ocrx_word' id='word_1_49' title='bbox 977 491 1088 529; x_wconf 77' lang='lat' dir='ltr'>vacui</span> <span class='ocrx_word' id='word_1_50' title='bbox 1113 497 1221 528; x_wconf 88' lang='lat' dir='ltr'>metu</span> <span class='ocrx_word' id='word_1_51' title='bbox 1246 499 1326 526; x_wconf 60' lang='lat' dir='ltr'>eme</span> 
     </span>
     <span class='ocr_line' id='line_1_8' title="bbox 205 541 1325 607; baseline 0 -28"><span class='ocrx_word' id='word_1_52' title='bbox 205 541 399 581; x_wconf 86' lang='lat' dir='ltr'>debemus.</span> <span class='ocrx_word' id='word_1_53' title='bbox 431 544 540 592; x_wconf 79' lang='lat' dir='ltr'>Quas</span> <span class='ocrx_word' id='word_1_54' title='bbox 558 553 601 582; x_wconf 88' lang='lat' dir='ltr'>tu</span> <span class='ocrx_word' id='word_1_55' title='bbox 620 545 738 591; x_wconf 74' lang='lat' dir='ltr'>mihi,v</span> <span class='ocrx_word' id='word_1_56' title='bbox 755 545 895 596; x_wconf 83' lang='lat' dir='ltr'>inquit,</span> <span class='ocrx_word' id='word_1_57' title='bbox 914 544 1209 592; x_wconf 63' lang='lat' dir='ltr'>intercessiones,</span> <span class='ocrx_word' id='word_1_58' title='bbox 1229 553 1325 607; x_wconf 72' lang='lat' dir='ltr'>quas</span> 
     </span>
     <span class='ocr_line' id='line_1_9' title="bbox 205 596 1325 650; baseline 0.001 -17"><span class='ocrx_word' id='word_1_59' title='bbox 205 596 404 647; x_wconf 85' lang='lat' dir='ltr'>religiones</span> <span class='ocrx_word' id='word_1_60' title='bbox 419 600 436 635; x_wconf 74' lang='grc' dir='ltr'>Ρ</span> <span class='ocrx_word' id='word_1_61' title='bbox 479 598 558 636; x_wconf 83' lang='lat' dir='ltr'>Eas</span> <span class='ocrx_word' id='word_1_62' title='bbox 596 599 749 645; x_wconf 79' lang='lat' dir='ltr'>scilicet,</span> <span class='ocrx_word' id='word_1_63' title='bbox 785 599 925 650; x_wconf 91' lang='lat' dir='ltr'>quibus</span> <span class='ocrx_word' id='word_1_64' title='bbox 967 598 1186 650; x_wconf 86' lang='lat' dir='ltr'>reipublicae</span> <span class='ocrx_word' id='word_1_65' title='bbox 1222 596 1325 634; x_wconf 80' lang='lat' dir='ltr'>salus</span> 
     </span>
     <span class='ocr_line' id='line_1_10' title="bbox 206 652 1326 703; baseline 0 -16"><span class='ocrx_word' id='word_1_66' title='bbox 206 652 431 688; x_wconf 80' lang='lat' dir='ltr'><strong>continetur.</strong></span> <span class='ocrx_word' id='word_1_67' title='bbox 480 652 728 703; x_wconf 73' lang='lat' dir='ltr'>Negligimus</span> <span class='ocrx_word' id='word_1_68' title='bbox 757 653 844 699; x_wconf 77' lang='lat' dir='ltr'>ista,</span> <span class='ocrx_word' id='word_1_69' title='bbox 876 660 913 690; x_wconf 86' lang='lat' dir='ltr'>et</span> <span class='ocrx_word' id='word_1_70' title='bbox 952 652 1067 690; x_wconf 89' lang='lat' dir='ltr'>nimis</span> <span class='ocrx_word' id='word_1_71' title='bbox 1100 652 1260 703; x_wconf 84' lang='lat' dir='ltr'>antiqua</span> <span class='ocrx_word' id='word_1_72' title='bbox 1287 656 1326 687; x_wconf 89' lang='lat' dir='ltr'>et</span> 
     </span>
     <span class='ocr_line' id='line_1_11' title="bbox 205 704 1326 757; baseline 0 -16"><span class='ocrx_word' id='word_1_73' title='bbox 205 704 325 742; x_wconf 85' lang='lat' dir='ltr'>stulta</span> <span class='ocrx_word' id='word_1_74' title='bbox 343 705 529 743; x_wconf 80' lang='lat' dir='ltr'>ducimus.</span> <span class='ocrx_word' id='word_1_75' title='bbox 561 707 706 744; x_wconf 84' lang='lat' dir='ltr'>Forum</span> <span class='ocrx_word' id='word_1_76' title='bbox 726 707 915 757; x_wconf 88' lang='lat' dir='ltr'>sepietur:</span> <span class='ocrx_word' id='word_1_77' title='bbox 945 719 1077 744; x_wconf 89' lang='lat' dir='ltr'>omnes</span> <span class='ocrx_word' id='word_1_78' title='bbox 1101 705 1326 744; x_wconf 81' lang='lat' dir='ltr'><strong>claudentur</strong></span> 
     </span>
     <span class='ocr_line' id='line_1_12' title="bbox 206 757 1324 811; baseline 0 -16"><span class='ocrx_word' id='word_1_79' title='bbox 206 757 357 797; x_wconf 86' lang='lat' dir='ltr'>aditus:</span> <span class='ocrx_word' id='word_1_80' title='bbox 390 760 527 797; x_wconf 82' lang='lat' dir='ltr'>armati</span> <span class='ocrx_word' id='word_1_81' title='bbox 545 760 584 797; x_wconf 92' lang='lat' dir='ltr'>in</span> <span class='ocrx_word' id='word_1_82' title='bbox 612 760 795 811; x_wconf 68' lang='lat' dir='ltr'>praesidiis</span> <span class='ocrx_word' id='word_1_83' title='bbox 817 760 951 798; x_wconf 89' lang='lat' dir='ltr'>multis</span> <span class='ocrx_word' id='word_1_84' title='bbox 974 760 1066 799; x_wconf 86' lang='lat' dir='ltr'>locis</span> <span class='ocrx_word' id='word_1_85' title='bbox 1084 759 1324 798; x_wconf 84' lang='lat' dir='ltr'>collocabun-</span> 
     </span>
     <span class='ocr_line' id='line_1_13' title="bbox 206 812 1322 865; baseline 0.001 -16"><span class='ocrx_word' id='word_1_86' title='bbox 206 819 282 850; x_wconf 88' lang='lat' dir='ltr'><strong>tur.</strong></span> <span class='ocrx_word' id='word_1_87' title='bbox 313 812 421 860; x_wconf 84' lang='lat' dir='ltr'>Quid</span> <span class='ocrx_word' id='word_1_88' title='bbox 439 822 523 851; x_wconf 84' lang='lat' dir='ltr'>tum</span> <span class='ocrx_word' id='word_1_89' title='bbox 542 816 558 852; x_wconf 71' lang='grc' dir='ltr'><em>Ρ</em></span> <span class='ocrx_word' id='word_1_90' title='bbox 589 814 709 861; x_wconf 81' lang='lat' dir='ltr'>Quod</span> <span class='ocrx_word' id='word_1_91' title='bbox 726 814 796 852; x_wconf 89' lang='lat' dir='ltr'>erit</span> <span class='ocrx_word' id='word_1_92' title='bbox 817 814 871 852; x_wconf 84' lang='lat' dir='ltr'>ita</span> <span class='ocrx_word' id='word_1_93' title='bbox 889 821 1054 865; x_wconf 80' lang='lat' dir='ltr'>gestum,</span> <span class='ocrx_word' id='word_1_94' title='bbox 1073 814 1114 851; x_wconf 92' lang='lat' dir='ltr'>id</span> <span class='ocrx_word' id='word_1_95' title='bbox 1131 815 1196 852; x_wconf 85' lang='lat' dir='ltr'>lex</span> <span class='ocrx_word' id='word_1_96' title='bbox 1224 812 1322 857; x_wconf 80' lang='lat' dir='ltr'>erit3</span> 
     </span>
     <span class='ocr_line' id='line_1_14' title="bbox 206 866 1327 919; baseline 0 -15"><span class='ocrx_word' id='word_1_97' title='bbox 206 874 246 904; x_wconf 91' lang='lat' dir='ltr'>et</span> <span class='ocrx_word' id='word_1_98' title='bbox 262 866 304 904; x_wconf 90' lang='lat' dir='ltr'>in</span> <span class='ocrx_word' id='word_1_99' title='bbox 324 880 374 905; x_wconf 85' lang='lat' dir='ltr'>aes</span> <span class='ocrx_word' id='word_1_100' title='bbox 392 867 508 906; x_wconf 88' lang='lat' dir='ltr'>incidi</span> <span class='ocrx_word' id='word_1_101' title='bbox 526 868 712 906; x_wconf 82' lang='lat' dir='ltr'>videbitis.</span> <span class='ocrx_word' id='word_1_102' title='bbox 744 868 850 906; x_wconf 88' lang='lat' dir='ltr'>Cedo</span> <span class='ocrx_word' id='word_1_103' title='bbox 868 868 935 906; x_wconf 83' lang='lat' dir='ltr'>illa</span> <span class='ocrx_word' id='word_1_104' title='bbox 951 868 1145 919; x_wconf 86' lang='lat' dir='ltr'>legitima:</span> <span class='ocrx_word' id='word_1_105' title='bbox 1178 869 1208 890; x_wconf 85' lang='lat'>“</span> <span class='ocrx_word' id='word_1_106' title='bbox 1223 866 1327 905; x_wconf 89' lang='lat' dir='ltr'>Con-</span> 
     </span>
     <span class='ocr_line' id='line_1_15' title="bbox 208 920 1328 973; baseline 0 -15"><span class='ocrx_word' id='word_1_107' title='bbox 208 920 309 958; x_wconf 89' lang='lat' dir='ltr'>sules</span> <span class='ocrx_word' id='word_1_108' title='bbox 328 922 518 973; x_wconf 89' lang='lat' dir='ltr'>populum</span> <span class='ocrx_word' id='word_1_109' title='bbox 534 922 620 971; x_wconf 86' lang='lat' dir='ltr'>jure</span> <span class='ocrx_word' id='word_1_110' title='bbox 638 922 909 973; x_wconf 85' lang='lat' dir='ltr'>rogaverunt‚&#39;&#39;</span> <span class='ocrx_word' id='word_1_111' title='bbox 940 922 1031 964; x_wconf 86' lang='lat' dir='ltr'>(hoc</span> <span class='ocrx_word' id='word_1_112' title='bbox 1044 922 1146 960; x_wconf 88' lang='lat' dir='ltr'>enim</span> <span class='ocrx_word' id='word_1_113' title='bbox 1163 935 1189 960; x_wconf 85' lang='lat' dir='ltr'>a</span> <span class='ocrx_word' id='word_1_114' title='bbox 1205 921 1328 970; x_wconf 74' lang='lat' dir='ltr'>maJo-</span> 
     </span>
     <span class='ocr_line' id='line_1_16' title="bbox 207 973 1328 1028; baseline 0 -16"><span class='ocrx_word' id='word_1_115' title='bbox 207 974 314 1013; x_wconf 87' lang='lat' dir='ltr'>ribus</span> <span class='ocrx_word' id='word_1_116' title='bbox 333 976 546 1027; x_wconf 87' lang='lat' dir='ltr'>accepimus</span> <span class='ocrx_word' id='word_1_117' title='bbox 562 977 625 1025; x_wconf 91' lang='lat' dir='ltr'>jus</span> <span class='ocrx_word' id='word_1_118' title='bbox 644 976 821 1026; x_wconf 84' lang='lat' dir='ltr'>rogandi)</span> <span class='ocrx_word' id='word_1_119' title='bbox 853 978 881 998; x_wconf 84' lang='grc'>“</span> <span class='ocrx_word' id='word_1_120' title='bbox 896 977 1139 1028; x_wconf 89' lang='lat' dir='ltr'>populusque</span> <span class='ocrx_word' id='word_1_121' title='bbox 1153 977 1240 1025; x_wconf 81' lang='lat' dir='ltr'>jure</span> <span class='ocrx_word' id='word_1_122' title='bbox 1257 973 1328 1012; x_wconf 80' lang='lat' dir='ltr'>sci-</span> 
     </span>
     <span class='ocr_line' id='line_1_17' title="bbox 208 1028 1328 1082; baseline 0.002 -17"><span class='ocrx_word' id='word_1_123' title='bbox 208 1028 305 1066; x_wconf 82' lang='lat' dir='ltr'>vit.&#39;&#39;</span> <span class='ocrx_word' id='word_1_124' title='bbox 349 1029 431 1077; x_wconf 85' lang='lat' dir='ltr'>Qui</span> <span class='ocrx_word' id='word_1_125' title='bbox 462 1031 629 1081; x_wconf 90' lang='lat' dir='ltr'>populus</span> <span class='ocrx_word' id='word_1_126' title='bbox 645 1032 662 1069; x_wconf 67' lang='grc' dir='ltr'><strong><em>ἓ</em></strong></span> <span class='ocrx_word' id='word_1_127' title='bbox 690 1030 785 1077; x_wconf 74' lang='lat' dir='ltr'>isne,</span> <span class='ocrx_word' id='word_1_128' title='bbox 820 1029 888 1082; x_wconf 88' lang='lat' dir='ltr'>qui</span> <span class='ocrx_word' id='word_1_129' title='bbox 924 1031 1100 1068; x_wconf 80' lang='lat' dir='ltr'>exclusus</span> <span class='ocrx_word' id='word_1_130' title='bbox 1132 1031 1220 1068; x_wconf 86' lang='lat' dir='ltr'>est?</span> <span class='ocrx_word' id='word_1_131' title='bbox 1250 1040 1328 1080; x_wconf 91' lang='lat' dir='ltr'>quo</span> 
     </span>
     <span class='ocr_line' id='line_1_18' title="bbox 205 1083 1325 1136; baseline 0 -16"><span class='ocrx_word' id='word_1_132' title='bbox 205 1083 293 1130; x_wconf 85' lang='lat' dir='ltr'>jure</span> <span class='ocrx_word' id='word_1_133' title='bbox 307 1085 325 1122; x_wconf 71' lang='grc' dir='ltr'><strong><em>Ρ</em></strong></span> <span class='ocrx_word' id='word_1_134' title='bbox 355 1096 403 1121; x_wconf 87' lang='lat' dir='ltr'>an</span> <span class='ocrx_word' id='word_1_135' title='bbox 428 1097 485 1131; x_wconf 74' lang='lat' dir='ltr'>eo,</span> <span class='ocrx_word' id='word_1_136' title='bbox 510 1084 613 1136; x_wconf 90' lang='lat' dir='ltr'>quod</span> <span class='ocrx_word' id='word_1_137' title='bbox 632 1085 670 1122; x_wconf 78' lang='lat' dir='ltr'>vi</span> <span class='ocrx_word' id='word_1_138' title='bbox 694 1091 730 1122; x_wconf 91' lang='lat' dir='ltr'>et</span> <span class='ocrx_word' id='word_1_139' title='bbox 758 1085 874 1122; x_wconf 85' lang='lat' dir='ltr'>armis</span> <span class='ocrx_word' id='word_1_140' title='bbox 892 1096 1005 1122; x_wconf 90' lang='lat' dir='ltr'>omne</span> <span class='ocrx_word' id='word_1_141' title='bbox 1023 1085 1219 1122; x_wconf 82' lang='lat' dir='ltr'>sublatum</span> <span class='ocrx_word' id='word_1_142' title='bbox 1238 1090 1295 1121; x_wconf 89' lang='lat' dir='ltr'>est</span> <span class='ocrx_word' id='word_1_143' title='bbox 1307 1083 1325 1120; x_wconf 75' lang='lat'>:³</span> 
     </span>
     <span class='ocr_line' id='line_1_19' title="bbox 208 1136 1326 1189; baseline -0.001 -15"><span class='ocrx_word' id='word_1_144' title='bbox 208 1136 344 1188; x_wconf 86' lang='lat' dir='ltr'>Atque</span> <span class='ocrx_word' id='word_1_145' title='bbox 363 1151 432 1189; x_wconf 88' lang='lat' dir='ltr'>ego</span> <span class='ocrx_word' id='word_1_146' title='bbox 450 1138 522 1176; x_wconf 92' lang='lat' dir='ltr'>hoc</span> <span class='ocrx_word' id='word_1_147' title='bbox 541 1138 624 1176; x_wconf 89' lang='lat' dir='ltr'>dico</span> <span class='ocrx_word' id='word_1_148' title='bbox 643 1138 690 1176; x_wconf 91' lang='lat' dir='ltr'>de</span> <span class='ocrx_word' id='word_1_149' title='bbox 708 1138 871 1183; x_wconf 77' lang='lat' dir='ltr'>futuri53</span> <span class='ocrx_word' id='word_1_150' title='bbox 904 1138 1009 1189; x_wconf 90' lang='lat' dir='ltr'>quod</span> <span class='ocrx_word' id='word_1_151' title='bbox 1026 1145 1082 1176; x_wconf 64' lang='lat' dir='ltr'>oet</span> <span class='ocrx_word' id='word_1_152' title='bbox 1099 1137 1326 1184; x_wconf 80' lang='lat' dir='ltr'>amicorum,</span> 
     </span>
     <span class='ocr_line' id='line_1_20' title="bbox 209 1191 1327 1244; baseline 0.001 -17"><span class='ocrx_word' id='word_1_153' title='bbox 209 1198 297 1228; x_wconf 82' lang='lat' dir='ltr'>ante</span> <span class='ocrx_word' id='word_1_154' title='bbox 316 1191 439 1230; x_wconf 82' lang='lat' dir='ltr'>dicere</span> <span class='ocrx_word' id='word_1_155' title='bbox 459 1206 516 1238; x_wconf 64' lang='lat' dir='ltr'>ea„</span> <span class='ocrx_word' id='word_1_156' title='bbox 538 1206 625 1244; x_wconf 88' lang='lat' dir='ltr'>quae</span> <span class='ocrx_word' id='word_1_157' title='bbox 643 1192 755 1230; x_wconf 80' lang='lat' dir='ltr'>vitari</span> <span class='ocrx_word' id='word_1_158' title='bbox 765 1201 949 1244; x_wconf 84' lang='lat' dir='ltr'>possunt:</span> <span class='ocrx_word' id='word_1_159' title='bbox 980 1205 1068 1244; x_wconf 86' lang='lat' dir='ltr'>quae</span> <span class='ocrx_word' id='word_1_160' title='bbox 1086 1192 1118 1229; x_wconf 89' lang='lat' dir='ltr'>si</span> <span class='ocrx_word' id='word_1_161' title='bbox 1137 1191 1237 1229; x_wconf 83' lang='lat' dir='ltr'>facta</span> <span class='ocrx_word' id='word_1_162' title='bbox 1249 1202 1327 1228; x_wconf 89' lang='lat' dir='ltr'>non</span> 
     </span>
     <span class='ocr_line' id='line_1_21' title="bbox 210 1245 1327 1297; baseline 0 -15"><span class='ocrx_word' id='word_1_163' title='bbox 210 1252 335 1293; x_wconf 80' lang='lat' dir='ltr'>erunt,</span> <span class='ocrx_word' id='word_1_164' title='bbox 357 1246 548 1284; x_wconf 79' lang='lat' dir='ltr'>refelletur</span> <span class='ocrx_word' id='word_1_165' title='bbox 567 1247 686 1284; x_wconf 84' lang='lat' dir='ltr'>oratio</span> <span class='ocrx_word' id='word_1_166' title='bbox 702 1259 799 1284; x_wconf 83' lang='lat' dir='ltr'>mea.</span> <span class='ocrx_word' id='word_1_167' title='bbox 830 1246 988 1297; x_wconf 87' lang='lat' dir='ltr'>Loquor</span> <span class='ocrx_word' id='word_1_168' title='bbox 1007 1245 1054 1284; x_wconf 90' lang='lat' dir='ltr'>de</span> <span class='ocrx_word' id='word_1_169' title='bbox 1071 1245 1220 1296; x_wconf 85' lang='lat' dir='ltr'>legibus</span> <span class='ocrx_word' id='word_1_170' title='bbox 1237 1256 1327 1296; x_wconf 87' lang='lat' dir='ltr'>pro-</span> 
     </span>
     <span class='ocr_line' id='line_1_22' title="bbox 209 1299 1327 1352; baseline -0.001 -15"><span class='ocrx_word' id='word_1_171' title='bbox 209 1299 406 1350; x_wconf 71' lang='lat' dir='ltr'>mulgatis,</span> <span class='ocrx_word' id='word_1_172' title='bbox 427 1300 474 1338; x_wconf 84' lang='lat' dir='ltr'>de</span> <span class='ocrx_word' id='word_1_173' title='bbox 493 1300 634 1352; x_wconf 84' lang='lat' dir='ltr'>quibus</span> <span class='ocrx_word' id='word_1_174' title='bbox 653 1308 708 1339; x_wconf 84' lang='lat' dir='ltr'>est</span> <span class='ocrx_word' id='word_1_175' title='bbox 730 1301 925 1352; x_wconf 85' lang='lat' dir='ltr'>integrum</span> <span class='ocrx_word' id='word_1_176' title='bbox 943 1299 1062 1338; x_wconf 83' lang='lat' dir='ltr'>vobis.</span> <span class='ocrx_word' id='word_1_177' title='bbox 1091 1299 1327 1337; x_wconf 87' lang='lat' dir='ltr'>Demonstro</span> 
     </span>
     <span class='ocr_line' id='line_1_23' title="bbox 210 1353 1216 1403; baseline 0.001 -13"><span class='ocrx_word' id='word_1_178' title='bbox 210 1353 327 1391; x_wconf 87' lang='lat' dir='ltr'>vitia:</span> <span class='ocrx_word' id='word_1_179' title='bbox 358 1355 489 1392; x_wconf 76' lang='lat' dir='ltr'>tollite.</span> <span class='ocrx_word' id='word_1_180' title='bbox 520 1354 719 1393; x_wconf 84' lang='lat' dir='ltr'>Denuntio</span> <span class='ocrx_word' id='word_1_181' title='bbox 737 1355 831 1403; x_wconf 69' lang='lat' dir='ltr'>vim,</span> <span class='ocrx_word' id='word_1_182' title='bbox 853 1367 984 1392; x_wconf 87' lang='lat' dir='ltr'>arma:</span> <span class='ocrx_word' id='word_1_183' title='bbox 1014 1361 1216 1392; x_wconf 83' lang='lat' dir='ltr'>removete.</span> 
     </span>
    </p>

    <p class='ocr_par' dir='ltr' id='par_1_3' title="bbox 203 1408 1331 2274">
     <span class='ocr_line' id='line_1_24' title="bbox 263 1408 1327 1460; baseline 0 -15"><span class='ocrx_word' id='word_1_184' title='bbox 263 1408 342 1446; x_wconf 79' lang='lat' dir='ltr'>XI.</span> <span class='ocrx_word' id='word_1_185' title='bbox 374 1409 491 1446; x_wconf 85' lang='lat' dir='ltr'>Irasci</span> <span class='ocrx_word' id='word_1_186' title='bbox 520 1422 585 1447; x_wconf 85' lang='lat' dir='ltr'>vos</span> <span class='ocrx_word' id='word_1_187' title='bbox 613 1409 772 1460; x_wconf 86' lang='lat' dir='ltr'>quidem</span> <span class='ocrx_word' id='word_1_188' title='bbox 800 1409 912 1455; x_wconf 71' lang='lat' dir='ltr'>mihi,</span> <span class='ocrx_word' id='word_1_189' title='bbox 940 1408 1157 1455; x_wconf 78' lang='lat' dir='ltr'>Dolabella,</span> <span class='ocrx_word' id='word_1_190' title='bbox 1188 1420 1259 1459; x_wconf 89' lang='lat' dir='ltr'>pro</span> <span class='ocrx_word' id='word_1_191' title='bbox 1285 1419 1327 1445; x_wconf 88' lang='lat' dir='ltr'>re</span> 
     </span>
     <span class='ocr_line' id='line_1_25' title="bbox 207 1461 1329 1515; baseline 0 -16"><span class='ocrx_word' id='word_1_192' title='bbox 207 1462 364 1513; x_wconf 66' lang='lat' dir='ltr'>publica</span> <span class='ocrx_word' id='word_1_193' title='bbox 382 1463 537 1511; x_wconf 81' lang='lat' dir='ltr'>dicenti,</span> <span class='ocrx_word' id='word_1_194' title='bbox 564 1476 641 1502; x_wconf 91' lang='lat' dir='ltr'>non</span> <span class='ocrx_word' id='word_1_195' title='bbox 666 1463 865 1515; x_wconf 80' lang='lat' dir='ltr'>oportebit.</span> <span class='ocrx_word' id='word_1_196' title='bbox 896 1462 1149 1514; x_wconf 86' lang='lat' dir='ltr'>Quamquam</span> <span class='ocrx_word' id='word_1_197' title='bbox 1174 1470 1212 1500; x_wconf 88' lang='lat' dir='ltr'>te</span> <span class='ocrx_word' id='word_1_198' title='bbox 1241 1461 1329 1512; x_wconf 90' lang='lat' dir='ltr'>qui-</span> 
     </span>
     <span class='ocr_line' id='line_1_26' title="bbox 203 1515 1329 1556; baseline 0 -2"><span class='ocrx_word' id='word_1_199' title='bbox 203 1516 298 1554; x_wconf 89' lang='lat' dir='ltr'>dem</span> <span class='ocrx_word' id='word_1_200' title='bbox 316 1517 357 1554; x_wconf 90' lang='lat' dir='ltr'>id</span> <span class='ocrx_word' id='word_1_201' title='bbox 381 1517 572 1555; x_wconf 85' lang='lat' dir='ltr'>facturum</span> <span class='ocrx_word' id='word_1_202' title='bbox 603 1530 681 1556; x_wconf 93' lang='lat' dir='ltr'>non</span> <span class='ocrx_word' id='word_1_203' title='bbox 707 1517 891 1556; x_wconf 86' lang='lat' dir='ltr'>arbitror:</span> <span class='ocrx_word' id='word_1_204' title='bbox 922 1517 1012 1556; x_wconf 90' lang='lat' dir='ltr'>novi</span> <span class='ocrx_word' id='word_1_205' title='bbox 1036 1516 1140 1555; x_wconf 90' lang='lat' dir='ltr'>enim</span> <span class='ocrx_word' id='word_1_206' title='bbox 1168 1515 1329 1554; x_wconf 62' lang='lat' dir='ltr'>facilita-</span> 
     </span>
     <span class='ocr_line' id='line_1_27' title="bbox 207 1568 1327 1622; baseline 0 -14"><span class='ocrx_word' id='word_1_207' title='bbox 207 1577 287 1608; x_wconf 83' lang='lat' dir='ltr'>tem</span> <span class='ocrx_word' id='word_1_208' title='bbox 305 1578 426 1609; x_wconf 89' lang='lat' dir='ltr'>tuam.</span> <span class='ocrx_word' id='word_1_209' title='bbox 456 1571 656 1622; x_wconf 82' lang='lat' dir='ltr'>Couegam</span> <span class='ocrx_word' id='word_1_210' title='bbox 670 1580 783 1610; x_wconf 87' lang='lat' dir='ltr'>tuum</span> <span class='ocrx_word' id='word_1_211' title='bbox 797 1572 919 1619; x_wconf 86' lang='lat' dir='ltr'>aiunt,</span> <span class='ocrx_word' id='word_1_212' title='bbox 933 1571 975 1608; x_wconf 90' lang='lat' dir='ltr'>in</span> <span class='ocrx_word' id='word_1_213' title='bbox 985 1571 1057 1609; x_wconf 85' lang='lat' dir='ltr'>hac</span> <span class='ocrx_word' id='word_1_214' title='bbox 1071 1568 1139 1609; x_wconf 62' lang='lat' dir='ltr'>sua</span> <span class='ocrx_word' id='word_1_215' title='bbox 1156 1569 1327 1617; x_wconf 60' lang='lat' dir='ltr'>fortuna,</span> 
     </span>
     <span class='ocr_line' id='line_1_28' title="bbox 209 1623 1328 1677; baseline -0.001 -16"><span class='ocrx_word' id='word_1_216' title='bbox 209 1637 297 1674; x_wconf 88' lang='lat' dir='ltr'>quae</span> <span class='ocrx_word' id='word_1_217' title='bbox 314 1626 415 1663; x_wconf 85' lang='lat' dir='ltr'>bona</span> <span class='ocrx_word' id='word_1_218' title='bbox 432 1625 505 1677; x_wconf 87' lang='lat' dir='ltr'>ipsi</span> <span class='ocrx_word' id='word_1_219' title='bbox 528 1626 691 1673; x_wconf 84' lang='lat' dir='ltr'>videtur,</span> <span class='ocrx_word' id='word_1_220' title='bbox 720 1625 848 1672; x_wconf 83' lang='lat' dir='ltr'>(mihi,</span> <span class='ocrx_word' id='word_1_221' title='bbox 872 1634 932 1663; x_wconf 82' lang='lat' dir='ltr'>ne‘</span> <span class='ocrx_word' id='word_1_222' title='bbox 947 1625 1100 1676; x_wconf 88' lang='lat' dir='ltr'>gravius</span> <span class='ocrx_word' id='word_1_223' title='bbox 1126 1623 1328 1676; x_wconf 84' lang='lat' dir='ltr'>quidpiam</span> 
     </span>
     <span class='ocr_line' id='line_1_29' title="bbox 206 1677 1329 1727; baseline 0 -12"><span class='ocrx_word' id='word_1_224' title='bbox 206 1677 348 1727; x_wconf 79' lang='lat' dir='ltr'>dicam,</span> <span class='ocrx_word' id='word_1_225' title='bbox 369 1692 529 1718; x_wconf 85' lang='lat' dir='ltr'>avorum</span> <span class='ocrx_word' id='word_1_226' title='bbox 549 1688 585 1718; x_wconf 92' lang='lat' dir='ltr'>et</span> <span class='ocrx_word' id='word_1_227' title='bbox 605 1680 786 1718; x_wconf 89' lang='lat' dir='ltr'>avunculi</span> <span class='ocrx_word' id='word_1_228' title='bbox 811 1680 871 1718; x_wconf 93' lang='lat' dir='ltr'>sui</span> <span class='ocrx_word' id='word_1_229' title='bbox 889 1679 1129 1718; x_wconf 79' lang='lat' dir='ltr'>consulatum</span> <span class='ocrx_word' id='word_1_230' title='bbox 1152 1677 1184 1716; x_wconf 86' lang='lat' dir='ltr'>si</span> <span class='ocrx_word' id='word_1_231' title='bbox 1200 1677 1329 1715; x_wconf 82' lang='lat' dir='ltr'>imita-</span> 
     </span>
     <span class='ocr_line' id='line_1_30' title="bbox 209 1731 1328 1781; baseline 0 -12"><span class='ocrx_word' id='word_1_232' title='bbox 209 1739 327 1779; x_wconf 79' lang='lat' dir='ltr'>retur,</span> <span class='ocrx_word' id='word_1_233' title='bbox 347 1733 573 1772; x_wconf 81' lang='lat' dir='ltr'>fortunatior</span> <span class='ocrx_word' id='word_1_234' title='bbox 591 1734 796 1781; x_wconf 87' lang='lat' dir='ltr'>videretur)</span> <span class='ocrx_word' id='word_1_235' title='bbox 816 1733 884 1772; x_wconf 86' lang='lat' dir='ltr'>sed</span> <span class='ocrx_word' id='word_1_236' title='bbox 902 1745 992 1772; x_wconf 89' lang='lat' dir='ltr'>eum</span> <span class='ocrx_word' id='word_1_237' title='bbox 1010 1731 1238 1771; x_wconf 85' lang='lat' dir='ltr'>iracundum</span> <span class='ocrx_word' id='word_1_238' title='bbox 1257 1744 1328 1769; x_wconf 85' lang='lat' dir='ltr'>au-</span> 
     </span>
     <span class='ocr_line' id='line_1_31' title="bbox 206 1785 1330 1840; baseline 0 -17"><span class='ocrx_word' id='word_1_239' title='bbox 206 1785 272 1824; x_wconf 88' lang='lat' dir='ltr'>dio</span> <span class='ocrx_word' id='word_1_240' title='bbox 290 1786 447 1825; x_wconf 85' lang='lat' dir='ltr'>factum.</span> <span class='ocrx_word' id='word_1_241' title='bbox 478 1788 603 1826; x_wconf 89' lang='lat' dir='ltr'>Video</span> <span class='ocrx_word' id='word_1_242' title='bbox 622 1797 766 1835; x_wconf 76' lang='lat' dir='ltr'>autem,</span> <span class='ocrx_word' id='word_1_243' title='bbox 787 1801 906 1840; x_wconf 89' lang='lat' dir='ltr'>quam</span> <span class='ocrx_word' id='word_1_244' title='bbox 931 1787 979 1825; x_wconf 88' lang='lat' dir='ltr'>sit</span> <span class='ocrx_word' id='word_1_245' title='bbox 997 1787 1170 1826; x_wconf 87' lang='lat' dir='ltr'>odiosum</span> <span class='ocrx_word' id='word_1_246' title='bbox 1189 1786 1330 1824; x_wconf 84' lang='lat' dir='ltr'>habere</span> 
     </span>
     <span class='ocr_line' id='line_1_32' title="bbox 205 1839 1328 1892; baseline 0 -15"><span class='ocrx_word' id='word_1_247' title='bbox 205 1839 352 1878; x_wconf 85' lang='lat' dir='ltr'>iratum</span> <span class='ocrx_word' id='word_1_248' title='bbox 374 1841 554 1879; x_wconf 89' lang='lat' dir='ltr'>eumdem</span> <span class='ocrx_word' id='word_1_249' title='bbox 581 1850 618 1880; x_wconf 92' lang='lat' dir='ltr'>et</span> <span class='ocrx_word' id='word_1_250' title='bbox 640 1850 848 1890; x_wconf 84' lang='lat' dir='ltr'>armatum,</span> <span class='ocrx_word' id='word_1_251' title='bbox 869 1854 958 1880; x_wconf 88' lang='lat' dir='ltr'>cum</span> <span class='ocrx_word' id='word_1_252' title='bbox 984 1849 1091 1879; x_wconf 87' lang='lat' dir='ltr'>tanta</span> <span class='ocrx_word' id='word_1_253' title='bbox 1117 1839 1328 1892; x_wconf 51' lang='lat' dir='ltr'>prasertim</span> 
     </span>
     <span class='ocr_line' id='line_1_33' title="bbox 207 1892 1329 1948; baseline -0.002 -16"><span class='ocrx_word' id='word_1_254' title='bbox 207 1894 426 1945; x_wconf 84' lang='lat' dir='ltr'>gladiorum</span> <span class='ocrx_word' id='word_1_255' title='bbox 445 1895 493 1933; x_wconf 86' lang='lat' dir='ltr'>sit</span> <span class='ocrx_word' id='word_1_256' title='bbox 511 1896 731 1947; x_wconf 83' lang='lat' dir='ltr'>impunitas.</span> <span class='ocrx_word' id='word_1_257' title='bbox 761 1896 837 1935; x_wconf 87' lang='lat' dir='ltr'>Sed</span> <span class='ocrx_word' id='word_1_258' title='bbox 853 1908 1066 1948; x_wconf 86' lang='lat' dir='ltr'>proponam</span> <span class='ocrx_word' id='word_1_259' title='bbox 1082 1897 1147 1944; x_wconf 88' lang='lat' dir='ltr'>jus</span> <span class='ocrx_word' id='word_1_260' title='bbox 1165 1898 1227 1936; x_wconf 87' lang='lat' dir='ltr'>(ut</span> <span class='ocrx_word' id='word_1_261' title='bbox 1245 1892 1329 1944; x_wconf 91' lang='lat' dir='ltr'>opi-</span> 
     </span>
     <span class='ocr_line' id='line_1_34' title="bbox 209 1949 1329 2000; baseline -0.001 -15"><span class='ocrx_word' id='word_1_262' title='bbox 209 1955 296 1994; x_wconf 82' lang='lat' dir='ltr'>nor)</span> <span class='ocrx_word' id='word_1_263' title='bbox 316 1962 486 2000; x_wconf 76' lang='lat' dir='ltr'>aequum,</span> <span class='ocrx_word' id='word_1_264' title='bbox 503 1950 607 2000; x_wconf 90' lang='lat' dir='ltr'>quod</span> <span class='ocrx_word' id='word_1_265' title='bbox 626 1951 687 1988; x_wconf 84' lang='lat' dir='ltr'>M.</span> <span class='ocrx_word' id='word_1_266' title='bbox 702 1951 922 1989; x_wconf 88' lang='lat' dir='ltr'>Antonium</span> <span class='ocrx_word' id='word_1_267' title='bbox 941 1962 1017 1988; x_wconf 89' lang='lat' dir='ltr'>non</span> <span class='ocrx_word' id='word_1_268' title='bbox 1037 1949 1197 1987; x_wconf 84' lang='lat' dir='ltr'>arbitror</span> <span class='ocrx_word' id='word_1_269' title='bbox 1214 1959 1329 1997; x_wconf 89' lang='lat' dir='ltr'>repu-</span> 
     </span>
     <span class='ocr_line' id='line_1_35' title="bbox 205 2001 1330 2055; baseline -0.003 -15"><span class='ocrx_word' id='word_1_270' title='bbox 205 2001 418 2041; x_wconf 86' lang='lat' dir='ltr'>diaturum.</span> <span class='ocrx_word' id='word_1_271' title='bbox 446 2003 548 2054; x_wconf 81' lang='lat' dir='ltr'>Ego,</span> <span class='ocrx_word' id='word_1_272' title='bbox 569 2005 600 2042; x_wconf 90' lang='lat' dir='ltr'>si</span> <span class='ocrx_word' id='word_1_273' title='bbox 626 2005 719 2055; x_wconf 94' lang='lat' dir='ltr'>quid</span> <span class='ocrx_word' id='word_1_274' title='bbox 744 2005 786 2042; x_wconf 90' lang='lat' dir='ltr'>in</span> <span class='ocrx_word' id='word_1_275' title='bbox 810 2005 929 2043; x_wconf 75' lang='lat' dir='ltr'>vitam</span> <span class='ocrx_word' id='word_1_276' title='bbox 955 2005 1037 2053; x_wconf 90' lang='lat' dir='ltr'>ejus</span> <span class='ocrx_word' id='word_1_277' title='bbox 1055 2011 1122 2040; x_wconf 87' lang='lat' dir='ltr'>aut</span> <span class='ocrx_word' id='word_1_278' title='bbox 1140 2002 1181 2039; x_wconf 88' lang='lat' dir='ltr'>in</span> <span class='ocrx_word' id='word_1_279' title='bbox 1205 2013 1330 2038; x_wconf 66' lang='lat' dir='ltr'>mores</span> 
     </span>
     <span class='ocr_line' id='line_1_36' title="bbox 203 2053 1331 2110; baseline -0.002 -16"><span class='ocrx_word' id='word_1_280' title='bbox 203 2069 301 2094; x_wconf 72' lang='lat' dir='ltr'>cum</span> <span class='ocrx_word' id='word_1_281' title='bbox 330 2057 560 2095; x_wconf 61' lang='lat' dir='ltr'>contumelia</span> <span class='ocrx_word' id='word_1_282' title='bbox 583 2058 728 2107; x_wconf 79' lang='lat' dir='ltr'>dixero,</span> <span class='ocrx_word' id='word_1_283' title='bbox 757 2058 963 2110; x_wconf 90' lang='lat' dir='ltr'>quominus</span> <span class='ocrx_word' id='word_1_284' title='bbox 992 2057 1086 2095; x_wconf 88' lang='lat' dir='ltr'>mihi</span> <span class='ocrx_word' id='word_1_285' title='bbox 1116 2053 1331 2093; x_wconf 67' lang='lat' dir='ltr'>inimicissi-</span> 
     </span>
     <span class='ocr_line' id='line_1_37' title="bbox 209 2110 1329 2158; baseline -0.002 -11"><span class='ocrx_word' id='word_1_286' title='bbox 209 2122 298 2147; x_wconf 89' lang='lat' dir='ltr'>mus</span> <span class='ocrx_word' id='word_1_287' title='bbox 327 2111 389 2158; x_wconf 89' lang='lat' dir='ltr'>sit,</span> <span class='ocrx_word' id='word_1_288' title='bbox 419 2124 496 2150; x_wconf 88' lang='lat' dir='ltr'>non</span> <span class='ocrx_word' id='word_1_289' title='bbox 527 2115 718 2151; x_wconf 83' lang='lat' dir='ltr'>recusabo.</span> <span class='ocrx_word' id='word_1_290' title='bbox 749 2114 816 2151; x_wconf 84' lang='lat' dir='ltr'>Sin</span> <span class='ocrx_word' id='word_1_291' title='bbox 847 2110 1161 2151; x_wconf 86' lang='lat' dir='ltr'>consuetudinem</span> <span class='ocrx_word' id='word_1_292' title='bbox 1184 2120 1329 2153; x_wconf 64' lang='lat' dir='ltr'>meam,</span> 
     </span>
     <span class='ocr_line' id='line_1_38' title="bbox 209 2161 1330 2218; baseline -0.002 -17"><span class='ocrx_word' id='word_1_293' title='bbox 209 2177 328 2214; x_wconf 90' lang='lat' dir='ltr'>quam</span> <span class='ocrx_word' id='word_1_294' title='bbox 343 2165 384 2202; x_wconf 92' lang='lat' dir='ltr'>in</span> <span class='ocrx_word' id='word_1_295' title='bbox 399 2179 439 2204; x_wconf 89' lang='lat' dir='ltr'>re</span> <span class='ocrx_word' id='word_1_296' title='bbox 456 2166 611 2217; x_wconf 64' lang='lat' dir='ltr'>publica</span> <span class='ocrx_word' id='word_1_297' title='bbox 628 2179 778 2218; x_wconf 90' lang='lat' dir='ltr'>semper</span> <span class='ocrx_word' id='word_1_298' title='bbox 795 2166 928 2213; x_wconf 72' lang='lat' dir='ltr'>habui,</span> <span class='ocrx_word' id='word_1_299' title='bbox 941 2173 1123 2209; x_wconf 72' lang='lat' dir='ltr'>tenue103</span> <span class='ocrx_word' id='word_1_300' title='bbox 1152 2162 1193 2200; x_wconf 90' lang='lat' dir='ltr'>id</span> <span class='ocrx_word' id='word_1_301' title='bbox 1212 2169 1281 2209; x_wconf 70' lang='lat' dir='ltr'>aet,</span> <span class='ocrx_word' id='word_1_302' title='bbox 1298 2161 1330 2200; x_wconf 87' lang='lat' dir='ltr'>si</span> 
     </span>
     <span class='ocr_line' id='line_1_39' title="bbox 209 2216 1330 2274; baseline 0.004 -18"><span class='ocrx_word' id='word_1_303' title='bbox 209 2217 341 2266; x_wconf 79' lang='lat' dir='ltr'>libere,</span> <span class='ocrx_word' id='word_1_304' title='bbox 360 2232 448 2271; x_wconf 91' lang='lat' dir='ltr'>quae</span> <span class='ocrx_word' id='word_1_305' title='bbox 466 2220 641 2271; x_wconf 87' lang='lat' dir='ltr'>sentiam,</span> <span class='ocrx_word' id='word_1_306' title='bbox 661 2221 710 2261; x_wconf 91' lang='lat' dir='ltr'>de</span> <span class='ocrx_word' id='word_1_307' title='bbox 724 2234 765 2261; x_wconf 86' lang='lat' dir='ltr'>re</span> <span class='ocrx_word' id='word_1_308' title='bbox 777 2219 933 2274; x_wconf 63' lang='lat' dir='ltr'>publica</span> <span class='ocrx_word' id='word_1_309' title='bbox 953 2219 1114 2265; x_wconf 63' lang='grc' dir='ltr'>ὤκει-ος</span> <span class='ocrx_word' id='word_1_310' title='bbox 1142 2216 1330 2270; x_wconf 55' lang='lat' dir='ltr'>primum»</span> 
     </span>
    </p>
   </div>
   <div class='ocr_carea' id='block_1_3' title="bbox 1422 0 1509 2397">
    <p class='ocr_par' dir='ltr' id='par_1_4' title="bbox 1422 0 1509 2397">
     <span class='ocr_line' id='line_1_40' title="bbox 1422 0 1509 2397; baseline 0 0"><span class='ocrx_word' id='word_1_311' title='bbox 1422 0 1509 2397; x_wconf 95' lang='lat' dir='ltr'> </span> 
     </span>
    </p>
   </div>
  </div>
 </body>
</html>
