1509 2397
233 109 309 147 156
485 86 600 148 PRO
629 108 891 148 LIGARlo.
922 108 1028 147 cm
1049 109 1087 147 6.

228 216 307 267 qua
321 216 389 268 qui
402 216 505 269 apud
524 225 574 265 te,
593 217 663 256 cai
678 217 818 262 Caesar,
838 224 981 263 utetur,
1001 229 1112 254 suam
1126 214 1237 254 citius
1251 214 1363 264 abjia‘

228 270 300 308 ciet
318 270 612 319 humanitatem,
633 285 751 323 quam
771 270 1011 323 extorquebit
1029 277 1148 308 tuam.

284 324 360 362 Vl.
380 326 443 363 Ac
457 326 605 376 primus
617 326 742 363 aditus
757 332 793 363 et
807 324 1011 375 postulatio
1023 323 1239 362 Tuberonis
1251 323 1349 370 haec,

229 385 275 416 ut
292 378 440 429 opinor,
457 379 555 424 fuit3
586 379 682 417 velle
702 392 740 417 se
760 379 806 416 de
826 379 876 426 Q.
892 378 1039 429 Ligarii
1059 378 1194 416 scelere
1212 377 1348 415 dicere.

230 432 324 470 Non
349 433 498 479 dubito,
519 433 612 485 quin
639 433 848 470 admiratus
874 433 936 478 313,
957 433 1018 470 vel
1043 431 1146 483 quod
1170 431 1218 470 de
1242 431 1351 468 nullo

230 486 306 524 alio
331 487 551 538 quisquam,
572 487 631 525 vel
651 487 755 538 quod
772 486 805 523 is
825 486 892 537 qui
910 487 947 523 in
965 486 1099 524 eadem
1128 484 1239 523 causz'i
1257 484 1352 522 fuis-

231 547 302 585 set,
322 541 386 578 vel
399 541 583 592 quidnam
603 540 692 578 novi
710 540 885 578 facinoris
904 540 1063 578 afferret.
1094 540 1224 578 Scelus
1242 547 1285 576 tu
1303 538 1351 576 il-

231 593 301 631 lud
320 607 442 641 vocas,
457 595 613 632 Tubero
624 595 642 631 ,⁹
661 607 728 632 cur
743 597 759 633 ἓ
780 594 851 632 isto
866 594 967 631 enim
980 593 1134 631 nomine
1144 593 1212 630 illa
1225 592 1352 631 adhuc

232 660 345 686 causa
360 648 490 686 caruit.
521 649 604 686 Alii
625 661 786 686 errorem
807 648 1028 699 appellant;
1050 647 1129 693 3111,
1148 647 1349 692 timorem;

231 702 300 752 qui
318 702 463 749 durius,
486 715 606 753 spem,
632 702 891 752 cupiditatem,
913 701 1059 749 odium,
1079 700 1349 752 pertinaciam;

232 756 301 806 qui
315 756 547 806 gravissima
563 756 813 794 temeritatem
829 770 838 793 ε
862 756 995 802 scelus,
1015 762 1152 806 praeter
1163 762 1213 802 te,
1227 754 1353 792 adhuc

232 821 357 847 nemo·
378 811 441 848 Ac
452 811 548 847 mihi
563 810 733 861 quidem,
750 810 781 848 si
795 810 993 860 proprium
1013 817 1049 847 et
1059 821 1192 847 verum
1211 820 1353 846 nomen

232 863 352 902 nostri
371 865 462 901 mali
482 872 687 915 quaeratur⁷
708 864 833 901 fatalis
852 863 1029 914 quaedam
1048 862 1242 901 calamitas
1259 861 1354 900 inci-

234 916 332 955 disse
351 918 514 965 videtur,
535 926 571 955 et
596 917 828 978 improvidas
853 917 1055 954 hominum
1074 924 1220 954 mentes
1243 929 1355 954 occu-

232 972 409 1022 pavisse3
441 980 484 1009 ut
497 985 610 1010 nemo
623 972 753 1009 mirari
772 971 919 1018 debeat,
932 971 1103 1008 humana
1121 969 1277 1009 consilia
1294 969 1353 1006 di-

234 1025 325 1064 vina
343 1026 559 1064 necessitate
579 1038 657 1063 esse
672 1033 858 1076 superata.

255 1079 420 1117 Liceat
436 1093 513 1118 esse
532 1080 710 1117 miseros.
742 1092 994 1131 quamquam,
1014 1079 1086 1118 hoc
1104 1078 1257 1125 victore,
1275 1090 1354 1116 3333

234 1145 312 1171 non
331 1147 544 1185 possumus.
576 1133 651 1171 Sed
670 1146 745 1171 non
765 1133 900 1184 loquor
918 1133 965 1171 de
979 1133 1113 1171 nobis:
1144 1132 1278 1170 deillis
1296 1132 1355 1169 lo-

236 1200 346 1238 quor,
374 1187 441 1238 qui
467 1187 694 1225 occiderunt.
734 1186 895 1225 Fuerint
917 1187 1060 1238 cupidi,
1086 1186 1228 1224 fuerint
1251 1185 1353 1233 irati,

233 1241 375 1278 fuerint
389 1241 614 1292 pertinaces:
645 1241 792 1279 sceleris
811 1253 898 1278 vero
910 1241 1081 1288 crimine,
1096 1240 1250 1287 furoris,
1265 1252 1356 1290 par-

235 1294 371 1342 ricidii,
383 1295 494 1333 liceat
513 1295 584 1333 Cn.
601 1295 784 1345 Pompeio
799 1303 964 1343 mortuo,
979 1294 1091 1332 liceat
1103 1293 1236 1331 multis
1255 1293 1353 1340 aliis,

236 1361 371 1387 carere.
402 1348 570 1396 Quando
583 1349 655 1386 hoc
667 1349 871 1400 quisquam
887 1362 934 1386 ex
947 1356 998 1396 te,
1015 1348 1156 1394 Caesar,
1176 1346 1354 1385 audivit?

236 1410 304 1440 aut
322 1410 389 1440 tua
408 1402 502 1454 quid
526 1403 633 1440 aliud
657 1415 763 1440 arma
781 1403 998 1449 voluerunt,
1022 1402 1096 1439 nisi
1114 1415 1138 1439 a
1160 1408 1199 1438 te
1224 1408 1357 1439 contu-

233 1457 391 1494 meliam
409 1457 631 1508 propulsare
645 1456 663 1493 2
692 1455 788 1507 quid
813 1457 890 1507 egit
908 1464 999 1494 tuus
1017 1454 1263 1494 ine-invictus
1288 1467 1356 1492 ex-

234 1511 387 1557 ercitus,
403 1511 477 1548 nisi
490 1518 532 1548 ut
545 1523 656 1548 suum
667 1512 730 1559 jus
743 1517 924 1557 tueretur,
934 1517 971 1548 et
983 1509 1208 1560 dignitatem
1218 1516 1327 1546 tuam
1337 1510 1356 1546 ¹?

237 1563 347 1611 Quid
364 1567 380 1603 ?
409 1571 467 1611 tu,
488 1577 576 1602 cum
594 1577 727 1615 pacem
743 1576 820 1601 esse
838 1565 1031 1616 cupiebas,
1045 1563 1134 1600 idne
1148 1564 1298 1613 agebas,
1311 1568 1357 1599 ut

237 1617 307 1655 tibi
325 1631 414 1656 cum
438 1618 637 1667 sceleratis,
659 1631 708 1656 an
729 1625 775 1655 ut
793 1630 883 1656 cum
904 1618 1015 1657 bonis
1041 1617 1200 1664 civibus,
1220 1627 1358 1654 conve-

237 1679 336 1709 mret
350 1674 367 1710 Ρ

291 1725 399 1762 Mihi
410 1739 511 1773 vero,
525 1726 667 1775 Caesar,
681 1734 748 1765 tua
766 1727 806 1765 in
825 1740 889 1765 me
906 1725 1078 1764 maxima
1095 1723 1232 1762 merita
1249 1730 1357 1762 tanta

239 1787 337 1817 certe
356 1791 432 1817 non
452 1780 682 1827 viderentur,
704 1781 735 1819 si
752 1794 830 1828 me,
849 1787 894 1818 ut
912 1779 1150 1826 sceleratum,
1171 1791 1194 1816 a
1212 1785 1249 1816 te
1267 1789 1357 1816 con-

239 1840 430 1871 servatum
450 1841 637 1884 putarem.
667 1835 874 1882 Quomodo
893 1841 1022 1872 autem
1041 1841 1084 1871 tu
1096 1833 1143 1870 de
1161 1831 1358 1882 republica

237 1887 334 1925 bene
363 1887 520 1925 meritus
546 1901 655 1935 esses,
676 1889 707 1925 si
733 1896 789 1926 tot
814 1888 1009 1927 sceleratos
1030 1886 1214 1924 incolumi
1231 1885 1357 1946 digni-

239 1947 317 1978 tate
345 1953 423 1979 esse
441 1941 652 1980 voluisses?
686 1942 940 1980 Secessronem
964 1949 1008 1979 tu
1029 1941 1138 1978 fflam
1163 1939 1358 1978 existima-

240 1994 342 2042 visti,
364 1994 528 2042 Caesar,
518 1995 640 2043 mitio,
660 2008 737 2034 non
757 1997 929 2041 bellum;
959 2007 1035 2033 non
1053 1994 1190 2032 hostile
1208 1992 1356 2040 odium,

242 2047 309 2085 sed
327 2048 436 2086 civile
453 2048 678 2094 dissidium3
702 2050 873 2101 utrisque
891 2048 1130 2100 cupientibus
1148 2046 1359 2097 rempubli-

242 2113 328 2138 cam
351 2102 509 2150 331ν3111,
538 2103 603 2141 sed
626 2103 766 2154 partim
793 2103 969 2149 consiliis,
997 2101 1139 2153 partim
1162 2100 1360 2145 studiis‚a

241 2156 439 2193 communi
457 2156 622 2195 utilitate
640 2157 913 2195 aberrantibus.
951 2156 1178 2206 Principum
1192 2153 1357 2215 dignitas

242 2216 322 2246 erat
339 2221 448 2260 paene
472 2223 566 2261 par;
596 2222 672 2250 non
698 2224 767 2263 par
792 2211 948 2250 fortasse
970 2221 1117 2260 eorum,
1137 2207 1219 2260 qui-
1226 2219 1371 2259 seque--
