1509 2397
379 87 720 127 PHILIPPICA
751 87 810 125 11.
841 87 945 125 CAP.
981 87 1041 126 18.
1190 86 1269 123 213

148 195 366 242 hominum,
395 195 522 246 ejectis
548 196 644 234 veris
667 195 897 243 haeredibus,
920 202 1122 245 tamquam
1151 192 1272 231 haeres

150 257 260 298 oeset,
290 249 440 288 invasit.
470 250 722 301 Quamquam
752 249 825 287 hoc
853 248 1024 286 maxime
1057 247 1268 285 admiratus

150 316 252 352 sum,
272 304 507 342 mentionem
525 311 563 342 te
580 303 847 342 haereditatum
876 315 1014 340 ausum
1040 314 1118 339 esse
1135 301 1272 349 facere,

150 370 239 396 cum
259 357 340 408 ipse
357 358 617 396 haereditatem
636 357 754 408 patris
769 369 846 395 non
865 356 1019 394 adisses.

204 411 347 450 XVII.
380 412 476 450 Haec
495 419 541 450 ut
559 412 767 462 colligeres,
785 411 903 448 homo
923 409 1195 456 amentissime,
1216 415 1273 447 tot

150 464 230 504 dies
248 465 289 503 in
315 466 440 504 aliena
458 466 550 504 villa
580 465 829 504 declamasti?
859 476 1099 515 quamquam
1123 471 1167 500 tu
1187 463 1275 514 qui-

150 518 254 568 dem,
275 522 336 564 (ut
354 519 716 558 tuifamiliarissimi
742 518 933 565 dictitant)
953 517 1033 555 vini
1051 516 1271 562 exhalandi,

153 585 233 611 non
251 574 396 624 ingenii
415 574 591 621 acuendi,
618 574 746 621 causa,
767 571 999 611 declamitas.
1031 571 1087 609 Et
1104 583 1193 608 vero
1213 570 1280 608 ad-

151 627 274 676 hibes,
290 627 367 678 joci
385 629 513 674 causa,
526 628 770 678 magistrum,
789 623 970 677 suffragio
985 633 1052 663 tuo
1071 632 1108 663 et
1122 637 1277 675 compo-

150 688 279 719 torum
292 689 463 730 tuorum,
476 683 687 727 rhetorem;
704 681 766 720 cui
778 679 1002 727 concessisti,
1012 687 1057 717 ut
1067 679 1108 717 in
1121 686 1173 725 te,
1187 692 1276 729 quae

154 735 282 782 vellet,
303 735 451 774 diceret.
488 736 642 774 Salsum
672 735 829 774 omnino
852 733 1077 772 hominem!
1109 732 1175 770 sed
1192 745 1276 769 ma-

153 789 247 827 teria
265 789 386 827 facilis
404 798 472 838 est,
488 790 527 827 in
548 797 585 828 te
604 797 640 828 et
658 789 699 826 in
718 797 803 827 tuos
822 788 923 826 dicta
936 787 1070 826 dicere.
1091 785 1194 825 Vide
1206 799 1274 823 au-

153 850 247 891 tem,
272 843 366 895 quid
383 844 481 882 inter
499 852 537 881 te
555 851 593 882 et
607 856 723 881 avum
741 850 855 880 tuum
869 842 1027 879 intersit.
1049 840 1123 878 Ille
1138 840 1279 878 sensim

154 896 316 945 dicebat,
331 897 434 949 quod
447 911 569 936 causae
583 897 798 949 prodesset3
821 904 863 934 tu
878 895 1021 934 cursim
1036 894 1128 933 dicis
1143 894 1280 932 aliena.

207 951 267 989 At
278 959 422 1003 quanta
432 964 574 989 merces
586 951 727 989 rhetori
738 951 827 988 data
838 957 893 988 est
907 952 923 988 Ρ
953 949 1116 996 Audite,
1130 948 1274 997 audite,

154 1012 280 1056 patres
309 1007 534 1057 conscripti3
567 1014 604 1044 et
634 1006 846 1055 cognoscite
867 1003 1086 1054 reipublicae
1111 1002 1283 1040 vulnera.

157 1059 251 1098 Duo
269 1059 393 1097 millia
407 1061 590 1110 jugerum
602 1059 728 1109 campi
743 1057 925 1095 Leontini
939 1058 1028 1095 Sex.
1045 1056 1182 1095 Clodio
1193 1056 1280 1094 rhe-

154 1113 228 1151 tori
239 1113 452 1164 assignasti,
467 1120 503 1151 et
514 1112 671 1165 quidem
683 1111 888 1159 immunia,
901 1118 959 1158 ut,
972 1124 1042 1161 pro
1057 1109 1163 1148 tanta
1177 1123 1279 1148 mer-

156 1167 261 1216 cede,
281 1168 379 1205 nihil
398 1180 526 1218 sapere
544 1167 717 1205 disceres.
760 1166 802 1204 N
805 1178 874 1203 um
904 1165 1020 1203 etiam
1045 1164 1131 1212 hoc,
1162 1164 1281 1202 homo

156 1221 419 1270 audacissime,
440 1235 488 1259 ex
508 1220 667 1259 Caesaris
693 1218 1004 1258 commentariis?
1046 1218 1121 1257 Sed
1151 1218 1278 1256 dicam

157 1275 234 1313 alio
251 1275 334 1313 loco
354 1282 391 1313 et
410 1275 457 1313 de
476 1275 667 1313 Leontino
695 1286 786 1324 agro
806 1281 843 1311 et
860 1273 907 1311 de
928 1272 1153 1323 Campan0;
1184 1284 1281 1323 quos

156 1329 226 1367 iste
244 1342 367 1380 agros,
388 1336 536 1380 ereptos
553 1328 785 1380 reipublicae,
802 1326 1032 1378 turpissimis
1058 1326 1279 1377 possessori-

156 1384 231 1422 bus
248 1383 475 1434 inquinavit.
504 1383 531 1421 J
536 1395 600 1420 am
618 1382 735 1429 enim,
757 1381 940 1432 quoniam
960 1380 1183 1418 criminibus
1198 1381 1280 1429 ejus

160 1438 249 1476 satis
263 1437 455 1488 respondi,
473 1436 522 1474 de
546 1437 630 1488 ipso
656 1435 898 1474 emendatore
918 1441 955 1472 et
974 1442 1178 1472 correctore
1196 1446 1283 1472 nos-

158 1499 217 1530 tro
248 1491 426 1543 quaedam
456 1490 616 1529 dicenda
645 1498 758 1528 sunt:
790 1502 858 1527 nec
885 1489 989 1527 enim
1008 1487 1138 1526 omnia
1156 1487 1281 1526 effun-

159 1545 277 1591 dam3
307 1552 366 1594 ut,
388 1545 418 1583 si
436 1544 573 1596 saepius
588 1543 858 1582 decertandum
873 1543 921 1581 sit
940 1545 1000 1585 (ut
1013 1543 1115 1589 erit),
1133 1555 1281 1592 semper

158 1612 281 1638 novus
317 1599 493 1637 veniam:
525 1611 643 1650 quam
678 1597 901 1636 facultatem
936 1596 1035 1633 mihi
1071 1595 1282 1634 multitudo

159 1653 270 1692 istius
288 1653 468 1691 vitiorum
487 1659 806 1704 peccatorumque
820 1650 993 1701 largitur.

213 1707 383 1746 XVIII.
412 1707 533 1745 Visne
551 1706 669 1757 igitur
681 1714 718 1744 te
729 1705 977 1756 inspiciamus
997 1717 1020 1741 a
1037 1716 1156 1756 puero
1170 1703 1188 1740 ’ἓ
1217 1704 1280 1743 Sic

161 1762 308 1814 opinor.
347 1761 389 1799 A
417 1761 604 1812 principio
632 1760 838 1798 ordiamur.
880 1758 1056 1798 Tenesne
1084 1757 1284 1806 memoria,

159 1822 430 1869 praetextatum
444 1822 482 1853 te
496 1814 686 1852 decoxisse
703 1816 720 1852 ?
751 1813 892 1861 Patris,
907 1812 1071 1863 inquies,
1086 1811 1159 1849 ista
1173 1812 1286 1863 culpa

162 1877 229 1909 ωε.
259 1869 459 1908 Concedo:
490 1868 631 1907 etenim
650 1875 705 1906 est
722 1867 873 1918 pietatis
887 1867 1001 1917 plena
1019 1865 1198 1903 defensio.
1230 1866 1286 1903 Il-

161 1924 232 1962 lud
250 1931 379 1962 tamen
394 1923 561 1961 audaciae
579 1930 670 1969 tuae,
686 1921 791 1972 quod
802 1920 930 1958 sedisti
943 1920 983 1957 in
995 1919 1285 1971 quatuordecim

163 1977 373 2025 ordinibus,
394 1990 483 2015 cum
502 1984 611 2024 esset,
630 1976 716 2026 lege
735 1974 889 2022 Roscia,
922 1973 1180 2012 decoctoribus
1205 1986 1285 2011 cer-

163 2039 226 2071 tus
242 2032 349 2070 locus
367 2031 606 2079 constitutus,
619 2029 796 2081 quamvis
814 2029 900 2081 quis
913 2027 1078 2066 fortunae
1088 2026 1194 2076 vitio,
1207 2039 1286 2065 non

168 2098 252 2133 suo,
271 2085 491 2124 decoxisset.

221 2139 399 2178 Sumsisti
416 2139 566 2178 virilem
584 2145 728 2189 togam,
760 2149 880 2189 quam
907 2135 1036 2174 statim
1058 2134 1286 2173 muliebrem

168 2200 298 2244 togam
317 2192 538 2232 reddidisti:
569 2193 696 2245 primo
708 2191 866 2243 vulgare
884 2197 1077 2229 scortum:
1108 2196 1208 2228 certa
1221 2189 1292 2227 fla-
