<?xml version="1.0" encoding="UTF-8"?>
<!DOCTYPE html PUBLIC "-//W3C//DTD XHTML 1.0 Transitional//EN"
    "http://www.w3.org/TR/xhtml1/DTD/xhtml1-transitional.dtd">
<html xmlns="http://www.w3.org/1999/xhtml" xml:lang="en" lang="en">
 <head>
  <title>
</title>
<meta http-equiv="Content-Type" content="text/html;charset=utf-8" />
  <meta name='ocr-system' content='tesseract 3.04.00' />
  <meta name='ocr-capabilities' content='ocr_page ocr_carea ocr_par ocr_line ocrx_word'/>
</head>
<body>
  <div class='ocr_page' id='page_1' title='image "./operaern08ciceuoft_0390.png"; bbox 0 0 1509 2397; ppageno 0'>
   <div class='ocr_carea' id='block_1_1' title="bbox 251 93 1158 138">
    <p class='ocr_par' dir='ltr' id='par_1_1' title="bbox 251 93 1158 138">
     <span class='ocr_line' id='line_1_1' title="bbox 251 93 1158 138; baseline 0.003 -7"><span class='ocrx_word' id='word_1_1' title='bbox 251 93 332 138; x_wconf 78' lang='lat'>376</span> <span class='ocrx_word' id='word_1_2' title='bbox 470 94 811 135; x_wconf 86' lang='lat' dir='ltr'>PHILIPPICA</span> <span class='ocrx_word' id='word_1_3' title='bbox 836 95 963 134; x_wconf 90' lang='lat' dir='ltr'>XIII.</span> <span class='ocrx_word' id='word_1_4' title='bbox 993 95 1101 135; x_wconf 77' lang='lat' dir='ltr'>CAP.</span> <span class='ocrx_word' id='word_1_5' title='bbox 1116 94 1158 134; x_wconf 78' lang='lat'>8.</span> 
     </span>
    </p>
   </div>
   <div class='ocr_carea' id='block_1_2' title="bbox 230 202 1377 2263">
    <p class='ocr_par' dir='ltr' id='par_1_2' title="bbox 242 202 1377 1341">
     <span class='ocr_line' id='line_1_2' title="bbox 251 202 1377 264; baseline 0.002 -25"><span class='ocrx_word' id='word_1_6' title='bbox 251 208 290 239; x_wconf 85' lang='lat' dir='ltr'>et</span> <span class='ocrx_word' id='word_1_7' title='bbox 308 202 478 264; x_wconf 79' lang='lat' dir='ltr'>antiquis</span> <span class='ocrx_word' id='word_1_8' title='bbox 497 211 534 242; x_wconf 90' lang='lat' dir='ltr'>et</span> <span class='ocrx_word' id='word_1_9' title='bbox 545 203 776 254; x_wconf 59' lang='lat' dir='ltr'>domesticis,</span> <span class='ocrx_word' id='word_1_10' title='bbox 789 205 907 242; x_wconf 86' lang='lat' dir='ltr'>malle</span> <span class='ocrx_word' id='word_1_11' title='bbox 921 203 1083 243; x_wconf 84' lang='lat' dir='ltr'>videare.</span> <span class='ocrx_word' id='word_1_12' title='bbox 1112 202 1231 251; x_wconf 85' lang='lat' dir='ltr'>Quod</span> <span class='ocrx_word' id='word_1_13' title='bbox 1242 202 1275 241; x_wconf 90' lang='lat' dir='ltr'>si</span> <span class='ocrx_word' id='word_1_14' title='bbox 1286 214 1377 242; x_wconf 80' lang='lat' dir='ltr'>auc·</span> 
     </span>
     <span class='ocr_line' id='line_1_3' title="bbox 251 256 1374 320; baseline 0.004 -28"><span class='ocrx_word' id='word_1_15' title='bbox 251 256 443 295; x_wconf 84' lang='lat' dir='ltr'>toritatem</span> <span class='ocrx_word' id='word_1_16' title='bbox 456 257 665 320; x_wconf 84' lang='lat' dir='ltr'>interponis</span> <span class='ocrx_word' id='word_1_17' title='bbox 678 259 758 297; x_wconf 85' lang='lat' dir='ltr'>sine</span> <span class='ocrx_word' id='word_1_18' title='bbox 769 258 899 307; x_wconf 86' lang='grc'>3111115,</span> <span class='ocrx_word' id='word_1_19' title='bbox 907 258 1032 309; x_wconf 85' lang='lat' dir='ltr'>magis</span> <span class='ocrx_word' id='word_1_20' title='bbox 1045 257 1225 310; x_wconf 83' lang='lat' dir='ltr'>equidem</span> <span class='ocrx_word' id='word_1_21' title='bbox 1235 257 1374 296; x_wconf 83' lang='lat' dir='ltr'>laudo·</span> 
     </span>
     <span class='ocr_line' id='line_1_4' title="bbox 250 310 1374 365; baseline 0.002 -18"><span class='ocrx_word' id='word_1_22' title='bbox 250 310 319 347; x_wconf 84' lang='lat' dir='ltr'>sed</span> <span class='ocrx_word' id='word_1_23' title='bbox 333 311 434 358; x_wconf 88' lang='lat' dir='ltr'>vide,</span> <span class='ocrx_word' id='word_1_24' title='bbox 458 324 508 349; x_wconf 89' lang='lat' dir='ltr'>ne</span> <span class='ocrx_word' id='word_1_25' title='bbox 525 312 627 351; x_wconf 87' lang='grc'>1100</span> <span class='ocrx_word' id='word_1_26' title='bbox 616 325 747 365; x_wconf 82' lang='lat' dir='ltr'>ipsum</span> <span class='ocrx_word' id='word_1_27' title='bbox 765 325 843 351; x_wconf 89' lang='lat' dir='ltr'>non</span> <span class='ocrx_word' id='word_1_28' title='bbox 862 313 911 351; x_wconf 81' lang='lat' dir='ltr'>sit</span> <span class='ocrx_word' id='word_1_29' title='bbox 929 325 1056 351; x_wconf 86' lang='lat' dir='ltr'>necess</span> <span class='ocrx_word' id='word_1_30' title='bbox 1059 326 1090 351; x_wconf 86' lang='lat' dir='ltr'>e.</span> <span class='ocrx_word' id='word_1_31' title='bbox 1119 311 1374 363; x_wconf 81' lang='lat' dir='ltr'><strong>Quamquam</strong></span> 
     </span>
     <span class='ocr_line' id='line_1_5' title="bbox 250 364 1374 418; baseline 0.002 -17"><span class='ocrx_word' id='word_1_32' title='bbox 250 364 354 402; x_wconf 88' lang='lat' dir='ltr'>enim</span> <span class='ocrx_word' id='word_1_33' title='bbox 373 372 430 403; x_wconf 89' lang='lat' dir='ltr'>est</span> <span class='ocrx_word' id='word_1_34' title='bbox 459 374 567 404; x_wconf 87' lang='lat' dir='ltr'>tanta</span> <span class='ocrx_word' id='word_1_35' title='bbox 584 367 626 404; x_wconf 90' lang='lat' dir='ltr'>in</span> <span class='ocrx_word' id='word_1_36' title='bbox 645 375 682 405; x_wconf 88' lang='lat' dir='ltr'>te</span> <span class='ocrx_word' id='word_1_37' title='bbox 702 367 919 415; x_wconf 86' lang='lat' dir='ltr'>auctoritas,</span> <span class='ocrx_word' id='word_1_38' title='bbox 947 375 1093 418; x_wconf 88' lang='lat' dir='ltr'>quanta</span> <span class='ocrx_word' id='word_1_39' title='bbox 1114 365 1254 404; x_wconf 85' lang='lat' dir='ltr'>debet</span> <span class='ocrx_word' id='word_1_40' title='bbox 1243 377 1283 403; x_wconf 87' lang='lat' dir='ltr'>m</span> <span class='ocrx_word' id='word_1_41' title='bbox 1302 365 1374 404; x_wconf 90' lang='lat' dir='ltr'>ho-</span> 
     </span>
     <span class='ocr_line' id='line_1_6' title="bbox 249 419 1374 472; baseline 0.002 -17"><span class='ocrx_word' id='word_1_42' title='bbox 249 419 354 457; x_wconf 85' lang='lat' dir='ltr'>mine</span> <span class='ocrx_word' id='word_1_43' title='bbox 383 420 645 467; x_wconf 82' lang='grc'>1101)1]15511110;</span> <span class='ocrx_word' id='word_1_44' title='bbox 675 429 805 459; x_wconf 85' lang='lat' dir='ltr'>tamen</span> <span class='ocrx_word' id='word_1_45' title='bbox 834 428 987 459; x_wconf 84' lang='lat' dir='ltr'>senatus</span> <span class='ocrx_word' id='word_1_46' title='bbox 1013 433 1051 459; x_wconf 88' lang='lat' dir='ltr'>se</span> <span class='ocrx_word' id='word_1_47' title='bbox 1077 421 1159 472; x_wconf 90' lang='lat' dir='ltr'>ipse</span> <span class='ocrx_word' id='word_1_48' title='bbox 1183 431 1260 458; x_wconf 89' lang='lat' dir='ltr'>non</span> <span class='ocrx_word' id='word_1_49' title='bbox 1284 432 1374 458; x_wconf 86' lang='lat' dir='ltr'>con-</span> 
     </span>
     <span class='ocr_line' id='line_1_7' title="bbox 247 473 1371 536; baseline 0.003 -27"><span class='ocrx_word' id='word_1_50' title='bbox 247 473 410 512; x_wconf 83' lang='lat' dir='ltr'>temnit:</span> <span class='ocrx_word' id='word_1_51' title='bbox 442 487 511 513; x_wconf 89' lang='lat' dir='ltr'>nec</span> <span class='ocrx_word' id='word_1_52' title='bbox 530 488 618 514; x_wconf 83' lang='lat' dir='ltr'>vero</span> <span class='ocrx_word' id='word_1_53' title='bbox 635 475 711 513; x_wconf 88' lang='lat' dir='ltr'>fuit</span> <span class='ocrx_word' id='word_1_54' title='bbox 739 488 913 536; x_wconf 86' lang='lat' dir='ltr'>unquam</span> <span class='ocrx_word' id='word_1_55' title='bbox 932 474 1096 526; x_wconf 81' lang='lat' dir='ltr'>gravior,</span> <span class='ocrx_word' id='word_1_56' title='bbox 1126 474 1371 523; x_wconf 83' lang='lat' dir='ltr'>constantior,</span> 
     </span>
     <span class='ocr_line' id='line_1_8' title="bbox 247 525 1372 580; baseline 0.002 -16"><span class='ocrx_word' id='word_1_57' title='bbox 247 525 390 565; x_wconf 81' lang='lat' dir='ltr'>fortior.</span> <span class='ocrx_word' id='word_1_58' title='bbox 422 528 575 567; x_wconf 83' lang='lat' dir='ltr'>Incensi</span> <span class='ocrx_word' id='word_1_59' title='bbox 587 543 720 568; x_wconf 90' lang='lat' dir='ltr'>omnes</span> <span class='ocrx_word' id='word_1_60' title='bbox 735 530 908 580; x_wconf 87' lang='lat' dir='ltr'>rapimur</span> <span class='ocrx_word' id='word_1_61' title='bbox 922 529 970 566; x_wconf 91' lang='lat' dir='ltr'>ad</span> <span class='ocrx_word' id='word_1_62' title='bbox 985 529 1200 567; x_wconf 86' lang='lat' dir='ltr'>libertatem</span> <span class='ocrx_word' id='word_1_63' title='bbox 1214 541 1372 579; x_wconf 87' lang='lat' dir='ltr'>recupe-</span> 
     </span>
     <span class='ocr_line' id='line_1_9' title="bbox 246 581 1373 644; baseline 0.002 -26"><span class='ocrx_word' id='word_1_64' title='bbox 246 581 432 620; x_wconf 72' lang='lat' dir='ltr'>randamt</span> <span class='ocrx_word' id='word_1_65' title='bbox 463 595 540 620; x_wconf 90' lang='lat' dir='ltr'>non</span> <span class='ocrx_word' id='word_1_66' title='bbox 559 592 697 634; x_wconf 85' lang='lat' dir='ltr'>potest,</span> <span class='ocrx_word' id='word_1_67' title='bbox 718 584 836 622; x_wconf 87' lang='lat' dir='ltr'>ullius</span> <span class='ocrx_word' id='word_1_68' title='bbox 859 583 1095 644; x_wconf 70' lang='lat' dir='ltr'>auctoritate,</span> <span class='ocrx_word' id='word_1_69' title='bbox 1115 588 1245 621; x_wconf 83' lang='lat' dir='ltr'>tantus</span> <span class='ocrx_word' id='word_1_70' title='bbox 1264 594 1373 620; x_wconf 87' lang='lat' dir='ltr'>sena-</span> 
     </span>
     <span class='ocr_line' id='line_1_10' title="bbox 246 636 1370 688; baseline 0.002 -16"><span class='ocrx_word' id='word_1_71' title='bbox 246 638 307 673; x_wconf 71' lang='grc' dir='ltr'>ῐῖ15</span> <span class='ocrx_word' id='word_1_72' title='bbox 343 636 556 688; x_wconf 83' lang='lat' dir='ltr'>populique</span> <span class='ocrx_word' id='word_1_73' title='bbox 589 638 760 676; x_wconf 83' lang='lat' dir='ltr'>Romani</span> <span class='ocrx_word' id='word_1_74' title='bbox 796 637 907 676; x_wconf 82' lang='lat' dir='ltr'>ardor</span> <span class='ocrx_word' id='word_1_75' title='bbox 944 636 1161 688; x_wconf 78' lang='lat' dir='ltr'>exstingui:</span> <span class='ocrx_word' id='word_1_76' title='bbox 1191 636 1370 674; x_wconf 88' lang='lat' dir='ltr'>odimus.</span> 
     </span>
     <span class='ocr_line' id='line_1_11' title="bbox 245 688 1371 744; baseline 0.001 -17"><span class='ocrx_word' id='word_1_77' title='bbox 245 688 333 728; x_wconf 88' lang='lat' dir='ltr'>irati</span> <span class='ocrx_word' id='word_1_78' title='bbox 357 704 602 741; x_wconf 81' lang='lat' dir='ltr'>pugnamus:</span> <span class='ocrx_word' id='word_1_79' title='bbox 635 692 853 744; x_wconf 73' lang='lat' dir='ltr'>extorqueri</span> <span class='ocrx_word' id='word_1_80' title='bbox 875 691 922 730; x_wconf 90' lang='lat' dir='ltr'>de</span> <span class='ocrx_word' id='word_1_81' title='bbox 950 691 1130 729; x_wconf 82' lang='lat' dir='ltr'>manibus</span> <span class='ocrx_word' id='word_1_82' title='bbox 1158 703 1269 729; x_wconf 90' lang='lat' dir='ltr'>arma</span> <span class='ocrx_word' id='word_1_83' title='bbox 1292 702 1371 729; x_wconf 88' lang='lat' dir='ltr'>non</span> 
     </span>
     <span class='ocr_line' id='line_1_12' title="bbox 245 745 1371 798; baseline 0.002 -17"><span class='ocrx_word' id='word_1_84' title='bbox 245 752 428 794; x_wconf 86' lang='lat' dir='ltr'>possunt.</span> <span class='ocrx_word' id='word_1_85' title='bbox 459 746 628 797; x_wconf 88' lang='lat' dir='ltr'>receptui</span> <span class='ocrx_word' id='word_1_86' title='bbox 646 747 815 798; x_wconf 51' lang='lat' dir='ltr'>sibonum,</span> <span class='ocrx_word' id='word_1_87' title='bbox 831 754 899 784; x_wconf 87' lang='lat' dir='ltr'>aut</span> <span class='ocrx_word' id='word_1_88' title='bbox 917 745 1192 784; x_wconf 84' lang='lat' dir='ltr'>revocationem</span> <span class='ocrx_word' id='word_1_89' title='bbox 1212 758 1236 782; x_wconf 90' lang='lat' dir='ltr'>a</span> <span class='ocrx_word' id='word_1_90' title='bbox 1253 745 1371 792; x_wconf 86' lang='lat' dir='ltr'>bello,</span> 
     </span>
     <span class='ocr_line' id='line_1_13' title="bbox 245 798 1372 853; baseline 0.002 -18"><span class='ocrx_word' id='word_1_91' title='bbox 245 798 378 837; x_wconf 90' lang='lat' dir='ltr'>audire</span> <span class='ocrx_word' id='word_1_92' title='bbox 410 811 487 838; x_wconf 91' lang='lat' dir='ltr'>non</span> <span class='ocrx_word' id='word_1_93' title='bbox 517 813 746 851; x_wconf 86' lang='lat' dir='ltr'>possumus:</span> <span class='ocrx_word' id='word_1_94' title='bbox 778 813 975 853; x_wconf 89' lang='lat' dir='ltr'>speramus</span> <span class='ocrx_word' id='word_1_95' title='bbox 1004 800 1175 852; x_wconf 88' lang='lat' dir='ltr'>optima:</span> <span class='ocrx_word' id='word_1_96' title='bbox 1204 798 1286 850; x_wconf 82' lang='lat' dir='ltr'>pati</span> <span class='ocrx_word' id='word_1_97' title='bbox 1310 799 1372 837; x_wconf 82' lang='lat' dir='ltr'>vel</span> 
     </span>
     <span class='ocr_line' id='line_1_14' title="bbox 244 851 1373 907; baseline 0.002 -18"><span class='ocrx_word' id='word_1_98' title='bbox 244 851 473 892; x_wconf 85' lang='lat' dir='ltr'>difficillima</span> <span class='ocrx_word' id='word_1_99' title='bbox 491 855 702 903; x_wconf 85' lang='grc'>1113111111115,</span> <span class='ocrx_word' id='word_1_100' title='bbox 723 868 842 907; x_wconf 84' lang='grc'>(1113111</span> <span class='ocrx_word' id='word_1_101' title='bbox 863 854 1013 893; x_wconf 85' lang='lat' dir='ltr'>servire.</span> <span class='ocrx_word' id='word_1_102' title='bbox 1055 854 1186 893; x_wconf 87' lang='lat' dir='ltr'>Caesar</span> <span class='ocrx_word' id='word_1_103' title='bbox 1212 852 1373 892; x_wconf 84' lang='lat' dir='ltr'>confecit</span> 
     </span>
     <span class='ocr_line' id='line_1_15' title="bbox 245 905 1372 948; baseline 0.001 -4"><span class='ocrx_word' id='word_1_104' title='bbox 245 905 433 946; x_wconf 86' lang='lat' dir='ltr'>invictum</span> <span class='ocrx_word' id='word_1_105' title='bbox 453 909 684 948; x_wconf 83' lang='lat' dir='ltr'>exercitum:</span> <span class='ocrx_word' id='word_1_106' title='bbox 716 909 793 948; x_wconf 90' lang='lat' dir='ltr'>duo</span> <span class='ocrx_word' id='word_1_107' title='bbox 817 908 926 947; x_wconf 85' lang='lat' dir='ltr'>fortis</span> <span class='ocrx_word' id='word_1_108' title='bbox 927 908 1016 947; x_wconf 89' lang='lat' dir='ltr'>simi</span> <span class='ocrx_word' id='word_1_109' title='bbox 1042 908 1215 947; x_wconf 88' lang='lat' dir='ltr'>consules</span> <span class='ocrx_word' id='word_1_110' title='bbox 1231 907 1372 945; x_wconf 79' lang='lat' dir='ltr'>adsunt</span> 
     </span>
     <span class='ocr_line' id='line_1_16' title="bbox 245 961 1372 1014; baseline 0.001 -16"><span class='ocrx_word' id='word_1_111' title='bbox 245 973 336 999; x_wconf 91' lang='lat' dir='ltr'>cum</span> <span class='ocrx_word' id='word_1_112' title='bbox 361 962 503 1014; x_wconf 86' lang='lat' dir='ltr'>copiis:</span> <span class='ocrx_word' id='word_1_113' title='bbox 535 963 584 1001; x_wconf 89' lang='lat' dir='ltr'>L.</span> <span class='ocrx_word' id='word_1_114' title='bbox 611 963 761 1012; x_wconf 84' lang='lat' dir='ltr'>Planci,</span> <span class='ocrx_word' id='word_1_115' title='bbox 790 963 954 1003; x_wconf 89' lang='lat' dir='ltr'>consulis</span> <span class='ocrx_word' id='word_1_116' title='bbox 981 962 1183 1014; x_wconf 88' lang='lat' dir='ltr'>designati,</span> <span class='ocrx_word' id='word_1_117' title='bbox 1203 961 1309 1000; x_wconf 89' lang='lat' dir='ltr'>varia</span> <span class='ocrx_word' id='word_1_118' title='bbox 1333 968 1372 1000; x_wconf 86' lang='lat' dir='ltr'>et</span> 
     </span>
     <span class='ocr_line' id='line_1_17' title="bbox 244 1016 1371 1067; baseline 0.001 -15"><span class='ocrx_word' id='word_1_119' title='bbox 244 1026 386 1067; x_wconf 87' lang='lat' dir='ltr'>magna</span> <span class='ocrx_word' id='word_1_120' title='bbox 405 1017 551 1055; x_wconf 82' lang='lat' dir='ltr'>auxilia</span> <span class='ocrx_word' id='word_1_121' title='bbox 568 1030 646 1056; x_wconf 90' lang='lat' dir='ltr'>non</span> <span class='ocrx_word' id='word_1_122' title='bbox 665 1018 827 1056; x_wconf 86' lang='lat' dir='ltr'>desunt:</span> <span class='ocrx_word' id='word_1_123' title='bbox 857 1017 905 1056; x_wconf 92' lang='lat' dir='ltr'>de</span> <span class='ocrx_word' id='word_1_124' title='bbox 922 1017 977 1056; x_wconf 93' lang='lat' dir='ltr'>D.</span> <span class='ocrx_word' id='word_1_125' title='bbox 1002 1017 1118 1056; x_wconf 86' lang='lat' dir='ltr'>Bruti</span> <span class='ocrx_word' id='word_1_126' title='bbox 1143 1016 1266 1054; x_wconf 89' lang='lat' dir='ltr'>salute</span> <span class='ocrx_word' id='word_1_127' title='bbox 1290 1027 1371 1054; x_wconf 87' lang='lat' dir='ltr'>cer-</span> 
     </span>
     <span class='ocr_line' id='line_1_18' title="bbox 242 1069 1372 1134; baseline 0.001 -28"><span class='ocrx_word' id='word_1_128' title='bbox 242 1075 359 1107; x_wconf 87' lang='lat' dir='ltr'>tatur.</span> <span class='ocrx_word' id='word_1_129' title='bbox 390 1071 504 1110; x_wconf 90' lang='lat' dir='ltr'>Unus</span> <span class='ocrx_word' id='word_1_130' title='bbox 521 1072 688 1111; x_wconf 83' lang='lat' dir='ltr'>furiosus</span> <span class='ocrx_word' id='word_1_131' title='bbox 700 1072 903 1134; x_wconf 83' lang='lat' dir='ltr'>gladiator,</span> <span class='ocrx_word' id='word_1_132' title='bbox 919 1084 1006 1110; x_wconf 89' lang='lat' dir='ltr'>cum</span> <span class='ocrx_word' id='word_1_133' title='bbox 1020 1070 1302 1110; x_wconf 86' lang='lat' dir='ltr'>teterrimorum</span> <span class='ocrx_word' id='word_1_134' title='bbox 1312 1069 1372 1107; x_wconf 87' lang='grc'>13-</span> 
     </span>
     <span class='ocr_line' id='line_1_19' title="bbox 243 1125 1368 1178; baseline 0.002 -18"><span class='ocrx_word' id='word_1_135' title='bbox 243 1129 400 1162; x_wconf 86' lang='lat' dir='ltr'>tronum</span> <span class='ocrx_word' id='word_1_136' title='bbox 418 1137 553 1175; x_wconf 87' lang='lat' dir='ltr'>manu,</span> <span class='ocrx_word' id='word_1_137' title='bbox 575 1133 706 1164; x_wconf 89' lang='lat' dir='ltr'>contra</span> <span class='ocrx_word' id='word_1_138' title='bbox 723 1127 904 1178; x_wconf 87' lang='lat' dir='ltr'>patriam,</span> <span class='ocrx_word' id='word_1_139' title='bbox 924 1133 1055 1164; x_wconf 88' lang='lat' dir='ltr'>contra</span> <span class='ocrx_word' id='word_1_140' title='bbox 1072 1125 1179 1163; x_wconf 85' lang='lat' dir='ltr'>Deos</span> <span class='ocrx_word' id='word_1_141' title='bbox 1196 1130 1368 1176; x_wconf 86' lang='lat' dir='ltr'>penates,</span> 
     </span>
     <span class='ocr_line' id='line_1_20' title="bbox 242 1177 1372 1232; baseline 0.002 -18"><span class='ocrx_word' id='word_1_142' title='bbox 242 1186 375 1216; x_wconf 85' lang='lat' dir='ltr'>contra</span> <span class='ocrx_word' id='word_1_143' title='bbox 393 1192 476 1218; x_wconf 88' lang='lat' dir='ltr'>aras</span> <span class='ocrx_word' id='word_1_144' title='bbox 495 1188 532 1218; x_wconf 89' lang='lat' dir='ltr'>et</span> <span class='ocrx_word' id='word_1_145' title='bbox 558 1180 676 1228; x_wconf 85' lang='lat' dir='ltr'>focos,</span> <span class='ocrx_word' id='word_1_146' title='bbox 708 1187 839 1219; x_wconf 88' lang='lat' dir='ltr'>contra</span> <span class='ocrx_word' id='word_1_147' title='bbox 867 1187 1033 1232; x_wconf 85' lang='lat' dir='ltr'>quatuor</span> <span class='ocrx_word' id='word_1_148' title='bbox 1056 1178 1243 1225; x_wconf 64' lang='grc'>0011511105,</span> <span class='ocrx_word' id='word_1_149' title='bbox 1274 1177 1372 1230; x_wconf 87' lang='lat' dir='ltr'>gerit</span> 
     </span>
     <span class='ocr_line' id='line_1_21' title="bbox 243 1231 1370 1285; baseline 0 -16"><span class='ocrx_word' id='word_1_150' title='bbox 243 1231 404 1270; x_wconf 90' lang='lat' dir='ltr'>bellum.</span> <span class='ocrx_word' id='word_1_151' title='bbox 427 1234 534 1272; x_wconf 90' lang='lat' dir='ltr'>Huic</span> <span class='ocrx_word' id='word_1_152' title='bbox 546 1234 751 1273; x_wconf 87' lang='lat' dir='ltr'>cedamus</span> <span class='ocrx_word' id='word_1_153' title='bbox 738 1245 754 1274; x_wconf 56' lang='grc' dir='ltr'>,ν</span> <span class='ocrx_word' id='word_1_154' title='bbox 769 1235 887 1285; x_wconf 88' lang='lat' dir='ltr'>hujus</span> <span class='ocrx_word' id='word_1_155' title='bbox 900 1233 1133 1272; x_wconf 58' lang='lat' dir='ltr'>conditiones</span> <span class='ocrx_word' id='word_1_156' title='bbox 1143 1231 1370 1271; x_wconf 78' lang='lat' dir='ltr'>audiamus?</span> 
     </span>
     <span class='ocr_line' id='line_1_22' title="bbox 243 1287 1045 1341; baseline 0.002 -18"><span class='ocrx_word' id='word_1_157' title='bbox 243 1298 335 1324; x_wconf 91' lang='lat' dir='ltr'>cum</span> <span class='ocrx_word' id='word_1_158' title='bbox 352 1287 425 1325; x_wconf 92' lang='lat' dir='ltr'>hoc</span> <span class='ocrx_word' id='word_1_159' title='bbox 444 1301 579 1339; x_wconf 84' lang='lat' dir='ltr'>pacem</span> <span class='ocrx_word' id='word_1_160' title='bbox 593 1288 676 1327; x_wconf 88' lang='lat' dir='ltr'>fieri</span> <span class='ocrx_word' id='word_1_161' title='bbox 688 1301 799 1341; x_wconf 89' lang='lat' dir='ltr'>posse</span> <span class='ocrx_word' id='word_1_162' title='bbox 818 1288 1045 1328; x_wconf 81' lang='lat' dir='ltr'>credamus?</span> 
     </span>
    </p>

    <p class='ocr_par' dir='ltr' id='par_1_3' title="bbox 230 1340 1373 2263">
     <span class='ocr_line' id='line_1_23' title="bbox 295 1340 1372 1394; baseline 0.002 -15"><span class='ocrx_word' id='word_1_163' title='bbox 295 1340 421 1380; x_wconf 88' lang='lat' dir='ltr'>VIII.</span> <span class='ocrx_word' id='word_1_164' title='bbox 451 1343 510 1380; x_wconf 88' lang='lat' dir='ltr'>At</span> <span class='ocrx_word' id='word_1_165' title='bbox 528 1343 744 1394; x_wconf 87' lang='lat' dir='ltr'>periculum</span> <span class='ocrx_word' id='word_1_166' title='bbox 764 1350 834 1392; x_wconf 83' lang='lat' dir='ltr'>est,</span> <span class='ocrx_word' id='word_1_167' title='bbox 860 1356 910 1381; x_wconf 89' lang='lat' dir='ltr'>ne</span> <span class='ocrx_word' id='word_1_168' title='bbox 928 1345 977 1381; x_wconf 86' lang='lat' dir='ltr'>ab</span> <span class='ocrx_word' id='word_1_169' title='bbox 995 1343 1068 1381; x_wconf 91' lang='lat' dir='ltr'>hoc</span> <span class='ocrx_word' id='word_1_170' title='bbox 1091 1340 1372 1394; x_wconf 62' lang='lat' dir='ltr'>opprimamur-2</span> 
     </span>
     <span class='ocr_line' id='line_1_24' title="bbox 241 1395 1372 1449; baseline 0.003 -17"><span class='ocrx_word' id='word_1_171' title='bbox 241 1395 336 1433; x_wconf 93' lang='lat' dir='ltr'>Non</span> <span class='ocrx_word' id='word_1_172' title='bbox 354 1404 501 1445; x_wconf 90' lang='lat' dir='ltr'>metuo,</span> <span class='ocrx_word' id='word_1_173' title='bbox 520 1409 569 1435; x_wconf 93' lang='lat' dir='ltr'>ne</span> <span class='ocrx_word' id='word_1_174' title='bbox 587 1397 633 1446; x_wconf 90' lang='lat' dir='ltr'>is,</span> <span class='ocrx_word' id='word_1_175' title='bbox 650 1398 718 1449; x_wconf 88' lang='lat' dir='ltr'>qui</span> <span class='ocrx_word' id='word_1_176' title='bbox 737 1397 814 1436; x_wconf 90' lang='lat' dir='ltr'>suis</span> <span class='ocrx_word' id='word_1_177' title='bbox 833 1397 1082 1449; x_wconf 85' lang='lat' dir='ltr'>amplissimis</span> <span class='ocrx_word' id='word_1_178' title='bbox 1100 1396 1278 1445; x_wconf 87' lang='lat' dir='ltr'>fortunis,</span> <span class='ocrx_word' id='word_1_179' title='bbox 1298 1395 1372 1435; x_wconf 86' lang='lat' dir='ltr'>nisi</span> 
     </span>
     <span class='ocr_line' id='line_1_25' title="bbox 241 1449 1372 1503; baseline 0.002 -16"><span class='ocrx_word' id='word_1_180' title='bbox 241 1449 352 1488; x_wconf 90' lang='lat' dir='ltr'>nobis</span> <span class='ocrx_word' id='word_1_181' title='bbox 371 1451 500 1499; x_wconf 87' lang='lat' dir='ltr'>salvis,</span> <span class='ocrx_word' id='word_1_182' title='bbox 526 1451 604 1489; x_wconf 89' lang='lat' dir='ltr'>frui</span> <span class='ocrx_word' id='word_1_183' title='bbox 634 1464 712 1490; x_wconf 93' lang='lat' dir='ltr'>non</span> <span class='ocrx_word' id='word_1_184' title='bbox 737 1459 876 1503; x_wconf 81' lang='lat' dir='ltr'>potest,</span> <span class='ocrx_word' id='word_1_185' title='bbox 906 1451 1045 1503; x_wconf 89' lang='lat' dir='ltr'>prodat</span> <span class='ocrx_word' id='word_1_186' title='bbox 1062 1451 1227 1489; x_wconf 83' lang='lat' dir='ltr'>salutem</span> <span class='ocrx_word' id='word_1_187' title='bbox 1244 1463 1372 1489; x_wconf 75' lang='lat' dir='ltr'>suam,</span> 
     </span>
     <span class='ocr_line' id='line_1_26' title="bbox 241 1503 1373 1556; baseline 0.002 -15"><span class='ocrx_word' id='word_1_188' title='bbox 241 1503 374 1542; x_wconf 90' lang='lat' dir='ltr'>Bonos</span> <span class='ocrx_word' id='word_1_189' title='bbox 393 1504 492 1543; x_wconf 88' lang='lat' dir='ltr'>cives</span> <span class='ocrx_word' id='word_1_190' title='bbox 514 1506 687 1556; x_wconf 90' lang='lat' dir='ltr'>primum</span> <span class='ocrx_word' id='word_1_191' title='bbox 715 1514 854 1544; x_wconf 87' lang='lat' dir='ltr'>natura</span> <span class='ocrx_word' id='word_1_192' title='bbox 875 1506 1017 1551; x_wconf 90' lang='lat' dir='ltr'>efficit;</span> <span class='ocrx_word' id='word_1_193' title='bbox 1048 1505 1206 1555; x_wconf 88' lang='lat' dir='ltr'>adjuvat</span> <span class='ocrx_word' id='word_1_194' title='bbox 1234 1504 1373 1544; x_wconf 89' lang='lat' dir='ltr'>deinde</span> 
     </span>
     <span class='ocr_line' id='line_1_27' title="bbox 241 1556 1373 1612; baseline 0.002 -17"><span class='ocrx_word' id='word_1_195' title='bbox 241 1556 408 1596; x_wconf 85' lang='lat' dir='ltr'>fortuna.</span> <span class='ocrx_word' id='word_1_196' title='bbox 450 1559 648 1598; x_wconf 90' lang='lat' dir='ltr'>Omnibus</span> <span class='ocrx_word' id='word_1_197' title='bbox 667 1560 771 1598; x_wconf 89' lang='lat' dir='ltr'>enim</span> <span class='ocrx_word' id='word_1_198' title='bbox 790 1559 900 1599; x_wconf 86' lang='lat' dir='ltr'>bonis</span> <span class='ocrx_word' id='word_1_199' title='bbox 925 1559 1093 1612; x_wconf 84' lang='lat' dir='ltr'>expedit,</span> <span class='ocrx_word' id='word_1_200' title='bbox 1125 1559 1271 1598; x_wconf 86' lang='lat' dir='ltr'>salvam</span> <span class='ocrx_word' id='word_1_201' title='bbox 1291 1572 1373 1598; x_wconf 79' lang='lat' dir='ltr'>esse</span> 
     </span>
     <span class='ocr_line' id='line_1_28' title="bbox 239 1613 1371 1666; baseline 0.003 -17"><span class='ocrx_word' id='word_1_202' title='bbox 239 1613 544 1664; x_wconf 85' lang='lat' dir='ltr'>rempublicam:</span> <span class='ocrx_word' id='word_1_203' title='bbox 576 1613 657 1662; x_wconf 83' lang='lat' dir='ltr'>sed,</span> <span class='ocrx_word' id='word_1_204' title='bbox 677 1614 718 1652; x_wconf 90' lang='lat' dir='ltr'>in</span> <span class='ocrx_word' id='word_1_205' title='bbox 746 1614 794 1652; x_wconf 88' lang='grc'>115</span> <span class='ocrx_word' id='word_1_206' title='bbox 813 1613 882 1666; x_wconf 87' lang='grc'>(1111</span> <span class='ocrx_word' id='word_1_207' title='bbox 899 1613 1086 1652; x_wconf 88' lang='lat' dir='ltr'>fortunati</span> <span class='ocrx_word' id='word_1_208' title='bbox 1111 1620 1215 1662; x_wconf 85' lang='lat' dir='ltr'>sunt,</span> <span class='ocrx_word' id='word_1_209' title='bbox 1245 1613 1371 1665; x_wconf 84' lang='lat' dir='ltr'>magis</span> 
     </span>
     <span class='ocr_line' id='line_1_29' title="bbox 241 1665 1370 1720; baseline 0.003 -17"><span class='ocrx_word' id='word_1_210' title='bbox 241 1665 283 1703; x_wconf 90' lang='lat' dir='ltr'>id</span> <span class='ocrx_word' id='word_1_211' title='bbox 301 1675 471 1718; x_wconf 84' lang='lat' dir='ltr'>apparet.</span> <span class='ocrx_word' id='word_1_212' title='bbox 501 1667 602 1715; x_wconf 87' lang='lat' dir='ltr'>Quis</span> <span class='ocrx_word' id='word_1_213' title='bbox 621 1668 849 1707; x_wconf 87' lang='lat' dir='ltr'>fortunatior</span> <span class='ocrx_word' id='word_1_214' title='bbox 867 1667 1051 1720; x_wconf 85' lang='lat' dir='ltr'>Lepido?</span> <span class='ocrx_word' id='word_1_215' title='bbox 1082 1668 1146 1720; x_wconf 89' lang='lat' dir='ltr'>(ut</span> <span class='ocrx_word' id='word_1_216' title='bbox 1162 1674 1253 1706; x_wconf 84' lang='lat' dir='ltr'>ante</span> <span class='ocrx_word' id='word_1_217' title='bbox 1269 1667 1370 1715; x_wconf 86' lang='lat' dir='ltr'>dixi)</span> 
     </span>
     <span class='ocr_line' id='line_1_30' title="bbox 239 1720 1370 1773; baseline 0.003 -15"><span class='ocrx_word' id='word_1_218' title='bbox 239 1720 328 1771; x_wconf 88' lang='lat' dir='ltr'>quis</span> <span class='ocrx_word' id='word_1_219' title='bbox 366 1721 500 1760; x_wconf 89' lang='lat' dir='ltr'>eodem</span> <span class='ocrx_word' id='word_1_220' title='bbox 530 1722 687 1762; x_wconf 79' lang='lat' dir='ltr'>sanior?</span> <span class='ocrx_word' id='word_1_221' title='bbox 735 1722 848 1761; x_wconf 91' lang='lat' dir='ltr'>Vidit</span> <span class='ocrx_word' id='word_1_222' title='bbox 884 1723 966 1772; x_wconf 88' lang='lat' dir='ltr'>ejus</span> <span class='ocrx_word' id='word_1_223' title='bbox 994 1721 1215 1760; x_wconf 61' lang='lat' dir='ltr'>moestitiam</span> <span class='ocrx_word' id='word_1_224' title='bbox 1251 1728 1370 1773; x_wconf 87' lang='lat' dir='ltr'>atque</span> 
     </span>
     <span class='ocr_line' id='line_1_31' title="bbox 239 1774 1372 1828; baseline 0.001 -15"><span class='ocrx_word' id='word_1_225' title='bbox 239 1774 429 1827; x_wconf 84' lang='lat' dir='ltr'>lacrymas</span> <span class='ocrx_word' id='word_1_226' title='bbox 466 1777 635 1828; x_wconf 90' lang='lat' dir='ltr'>populus</span> <span class='ocrx_word' id='word_1_227' title='bbox 673 1778 878 1816; x_wconf 86' lang='lat' dir='ltr'>Romanus</span> <span class='ocrx_word' id='word_1_228' title='bbox 915 1776 1223 1828; x_wconf 76' lang='lat' dir='ltr'>Luperoelibus:</span> <span class='ocrx_word' id='word_1_229' title='bbox 1259 1775 1372 1825; x_wconf 80' lang='lat' dir='ltr'>vidit,</span> 
     </span>
     <span class='ocr_line' id='line_1_32' title="bbox 239 1829 1370 1883; baseline 0.002 -17"><span class='ocrx_word' id='word_1_230' title='bbox 239 1842 360 1880; x_wconf 89' lang='lat' dir='ltr'>quam</span> <span class='ocrx_word' id='word_1_231' title='bbox 380 1831 570 1879; x_wconf 74' lang='lat' dir='ltr'>abJectus,</span> <span class='ocrx_word' id='word_1_232' title='bbox 601 1844 721 1883; x_wconf 89' lang='lat' dir='ltr'>quam</span> <span class='ocrx_word' id='word_1_233' title='bbox 746 1831 939 1870; x_wconf 80' lang='lat' dir='ltr'>confectus</span> <span class='ocrx_word' id='word_1_234' title='bbox 961 1838 1071 1879; x_wconf 85' lang='lat' dir='ltr'>esset,</span> <span class='ocrx_word' id='word_1_235' title='bbox 1101 1842 1205 1878; x_wconf 89' lang='lat' dir='ltr'>cum,</span> <span class='ocrx_word' id='word_1_236' title='bbox 1226 1829 1370 1869; x_wconf 85' lang='lat' dir='ltr'>Caesari</span> 
     </span>
     <span class='ocr_line' id='line_1_33' title="bbox 239 1883 1369 1937; baseline 0.002 -16"><span class='ocrx_word' id='word_1_237' title='bbox 239 1883 447 1922; x_wconf 64' lang='lat' dir='ltr'>diadema·</span> <span class='ocrx_word' id='word_1_238' title='bbox 436 1897 653 1937; x_wconf 77' lang='lat' dir='ltr'>imponens,</span> <span class='ocrx_word' id='word_1_239' title='bbox 674 1885 873 1923; x_wconf 85' lang='lat' dir='ltr'>Antonius</span> <span class='ocrx_word' id='word_1_240' title='bbox 885 1898 1038 1924; x_wconf 89' lang='lat' dir='ltr'>servum</span> <span class='ocrx_word' id='word_1_241' title='bbox 1057 1898 1097 1923; x_wconf 89' lang='lat' dir='ltr'>se</span> <span class='ocrx_word' id='word_1_242' title='bbox 1114 1885 1234 1932; x_wconf 90' lang='lat' dir='ltr'>illius,</span> <span class='ocrx_word' id='word_1_243' title='bbox 1247 1897 1369 1937; x_wconf 88' lang='lat' dir='ltr'>quam</span> 
     </span>
     <span class='ocr_line' id='line_1_34' title="bbox 238 1938 1368 1991; baseline 0.003 -16"><span class='ocrx_word' id='word_1_244' title='bbox 238 1938 515 1989; x_wconf 83' lang='lat' dir='ltr'>collegam,ess</span> <span class='ocrx_word' id='word_1_245' title='bbox 458 1952 537 1978; x_wconf 83' lang='lat' dir='ltr'>esse</span> <span class='ocrx_word' id='word_1_246' title='bbox 555 1940 737 1978; x_wconf 86' lang='lat' dir='ltr'>malebat.</span> <span class='ocrx_word' id='word_1_247' title='bbox 759 1939 842 1987; x_wconf 88' lang='lat' dir='ltr'>Qui</span> <span class='ocrx_word' id='word_1_248' title='bbox 855 1939 1056 1991; x_wconf 88' lang='lat' dir='ltr'>sireliquis</span> <span class='ocrx_word' id='word_1_249' title='bbox 1069 1938 1223 1990; x_wconf 84' lang='lat' dir='ltr'>flagitiis</span> <span class='ocrx_word' id='word_1_250' title='bbox 1237 1947 1274 1978; x_wconf 88' lang='lat' dir='ltr'>et</span> <span class='ocrx_word' id='word_1_251' title='bbox 1288 1951 1368 1978; x_wconf 85' lang='grc'>500-</span> 
     </span>
     <span class='ocr_line' id='line_1_35' title="bbox 238 1992 1368 2046; baseline 0.003 -17"><span class='ocrx_word' id='word_1_252' title='bbox 238 1992 381 2030; x_wconf 87' lang='lat' dir='ltr'>leribus</span> <span class='ocrx_word' id='word_1_253' title='bbox 401 2006 439 2031; x_wconf 90' lang='lat' dir='ltr'>se</span> <span class='ocrx_word' id='word_1_254' title='bbox 458 1993 649 2032; x_wconf 86' lang='lat' dir='ltr'>abstinere</span> <span class='ocrx_word' id='word_1_255' title='bbox 672 1994 872 2046; x_wconf 89' lang='lat' dir='ltr'>potuisset,</span> <span class='ocrx_word' id='word_1_256' title='bbox 904 2000 1049 2042; x_wconf 84' lang='lat' dir='ltr'>tamen,</span> <span class='ocrx_word' id='word_1_257' title='bbox 1080 2006 1208 2032; x_wconf 89' lang='lat' dir='ltr'>unum</span> <span class='ocrx_word' id='word_1_258' title='bbox 1225 1995 1276 2032; x_wconf 93' lang='lat' dir='ltr'>ob</span> <span class='ocrx_word' id='word_1_259' title='bbox 1293 1993 1368 2032; x_wconf 85' lang='lat' dir='ltr'>hoc</span> 
     </span>
     <span class='ocr_line' id='line_1_36' title="bbox 236 2046 1364 2107; baseline 0.003 -24"><span class='ocrx_word' id='word_1_260' title='bbox 236 2046 398 2107; x_wconf 75' lang='lat' dir='ltr'>factum,</span> <span class='ocrx_word' id='word_1_261' title='bbox 419 2047 584 2099; x_wconf 87' lang='lat' dir='ltr'>dignum</span> <span class='ocrx_word' id='word_1_262' title='bbox 601 2048 717 2087; x_wconf 89' lang='lat' dir='ltr'>illum</span> <span class='ocrx_word' id='word_1_263' title='bbox 736 2049 845 2086; x_wconf 86' lang='lat' dir='ltr'>omni</span> <span class='ocrx_word' id='word_1_264' title='bbox 874 2048 989 2100; x_wconf 62' lang='lat' dir='ltr'>poena</span> <span class='ocrx_word' id='word_1_265' title='bbox 1016 2055 1208 2100; x_wconf 88' lang='lat' dir='ltr'>putarem.</span> <span class='ocrx_word' id='word_1_266' title='bbox 1238 2048 1364 2095; x_wconf 83' lang='lat' dir='ltr'>Nam,</span> 
     </span>
     <span class='ocr_line' id='line_1_37' title="bbox 236 2100 1364 2163; baseline 0.002 -25"><span class='ocrx_word' id='word_1_267' title='bbox 236 2100 269 2138; x_wconf 89' lang='grc'>51</span> <span class='ocrx_word' id='word_1_268' title='bbox 287 2100 369 2152; x_wconf 87' lang='lat' dir='ltr'>ipse</span> <span class='ocrx_word' id='word_1_269' title='bbox 386 2102 525 2140; x_wconf 87' lang='lat' dir='ltr'>servire</span> <span class='ocrx_word' id='word_1_270' title='bbox 542 2110 704 2163; x_wconf 77' lang='lat' dir='ltr'>poterat,</span> <span class='ocrx_word' id='word_1_271' title='bbox 730 2102 841 2142; x_wconf 88' lang='lat' dir='ltr'>nobis</span> <span class='ocrx_word' id='word_1_272' title='bbox 869 2102 1072 2141; x_wconf 89' lang='lat' dir='ltr'>dominum</span> <span class='ocrx_word' id='word_1_273' title='bbox 1095 2115 1164 2141; x_wconf 92' lang='lat' dir='ltr'>cur</span> <span class='ocrx_word' id='word_1_274' title='bbox 1187 2101 1364 2155; x_wconf 86' lang='lat' dir='ltr'>impone-</span> 
     </span>
     <span class='ocr_line' id='line_1_38' title="bbox 234 2155 1363 2210; baseline 0.002 -18"><span class='ocrx_word' id='word_1_275' title='bbox 234 2155 324 2193; x_wconf 86' lang='lat' dir='ltr'>bat.</span> <span class='ocrx_word' id='word_1_276' title='bbox 316 2157 333 2182; x_wconf 71' lang='lat'><strong>⁹</strong></span> <span class='ocrx_word' id='word_1_277' title='bbox 362 2162 413 2203; x_wconf 85' lang='lat' dir='ltr'>et,</span> <span class='ocrx_word' id='word_1_278' title='bbox 434 2156 466 2194; x_wconf 94' lang='lat' dir='ltr'>si</span> <span class='ocrx_word' id='word_1_279' title='bbox 484 2157 567 2207; x_wconf 90' lang='lat' dir='ltr'>ejus</span> <span class='ocrx_word' id='word_1_280' title='bbox 592 2157 718 2208; x_wconf 81' lang='lat' dir='ltr'>puerit</span> <span class='ocrx_word' id='word_1_281' title='bbox 706 2157 758 2195; x_wconf 88' lang='grc'>13</span> <span class='ocrx_word' id='word_1_282' title='bbox 785 2157 996 2210; x_wconf 88' lang='lat' dir='ltr'>pertulerat</span> <span class='ocrx_word' id='word_1_283' title='bbox 1022 2156 1201 2195; x_wconf 87' lang='lat' dir='ltr'>libidines</span> <span class='ocrx_word' id='word_1_284' title='bbox 1228 2167 1363 2195; x_wconf 90' lang='lat' dir='ltr'>eorum</span> 
     </span>
     <span class='ocr_line' id='line_1_39' title="bbox 230 2209 1362 2263; baseline 0.003 -16"><span class='ocrx_word' id='word_1_285' title='bbox 230 2209 302 2260; x_wconf 87' lang='lat' dir='ltr'>qui</span> <span class='ocrx_word' id='word_1_286' title='bbox 322 2218 429 2249; x_wconf 89' lang='lat' dir='ltr'>erant</span> <span class='ocrx_word' id='word_1_287' title='bbox 446 2210 487 2248; x_wconf 90' lang='lat' dir='ltr'>in</span> <span class='ocrx_word' id='word_1_288' title='bbox 508 2224 598 2250; x_wconf 90' lang='lat' dir='ltr'>eum</span> <span class='ocrx_word' id='word_1_289' title='bbox 618 2211 786 2263; x_wconf 85' lang='lat' dir='ltr'>tyranni,</span> <span class='ocrx_word' id='word_1_290' title='bbox 808 2211 973 2251; x_wconf 87' lang='lat' dir='ltr'>etiamne</span> <span class='ocrx_word' id='word_1_291' title='bbox 990 2211 1032 2250; x_wconf 91' lang='lat' dir='ltr'>in</span> <span class='ocrx_word' id='word_1_292' title='bbox 1057 2218 1204 2251; x_wconf 88' lang='lat' dir='ltr'>nostros</span> <span class='ocrx_word' id='word_1_293' title='bbox 1221 2210 1362 2250; x_wconf 80' lang='lat' dir='ltr'>liberos</span> 
     </span>
    </p>
   </div>
  </div>
 </body>
</html>
