1509 2397
380 58 724 99 PHILIPPICA
754 58 874 99 XIV.
906 60 1013 99 CAP.
1043 59 1082 97 3.
1212 57 1295 97 393

161 166 214 204 ad
244 179 336 218 saga
356 167 483 215 ivisse,
511 176 666 220 propter
688 167 862 218 ejusdem
885 168 1049 207 salutem
1074 166 1216 206 redrsse
1241 165 1292 204 ad

162 227 282 272 togas.
312 221 458 260 Tollite
486 222 612 268 hanc3
642 223 793 260 nullam
823 230 905 261 tam
934 236 1062 274 pravae
1091 219 1289 260 sententiae

164 288 321 313 causam
339 276 544 327 reperietis.
575 277 658 316 Vos
683 290 786 323 vero,
810 285 938 328 patres
962 276 1177 338 conscripti,
1201 286 1294 313 con-

165 337 310 368 servate
330 331 594 369 auctoritatem
614 339 809 376 vestram3
840 338 992 369 manete
1010 330 1050 368 in
1077 328 1292 369 sententia·
1280 357 1292 374 ,

164 390 290 422 tenete
310 385 435 423 vestra
452 385 642 424 memoria
661 385 783 446 (quod
798 398 848 423 5
819 398 898 436 aepe
911 385 1157 446 ostendistis),
1173 384 1294 432 hujus

164 438 283 476 totius
314 440 407 477 belli
430 440 471 477 in
496 440 612 478 unius
634 439 707 479 viri
735 439 934 478 fortissimi
958 446 996 477 et
1020 439 1185 477 maximi
1214 435 1294 476 vita

165 492 338 545 positum
358 507 437 533 esse
456 494 673 533 discrimen.

221 547 281 585 ΙΙ.
294 547 364 586 Ad
377 548 429 586 D.
441 549 612 587 Brutum
626 546 1011 599 liberandum,legati
1026 547 1132 586 missi
1153 545 1297 599 princi-

162 615 232 654 pes
251 602 428 651 civitatis,
449 603 518 655 qui
536 604 594 641 illi
612 604 713 642 hosti
732 617 775 642 ac
792 602 991 655 parricidae
1009 602 1293 649 denuntiarent,

165 664 210 694 ut
240 670 263 694 a
281 657 443 696 Mutina
468 658 698 696 discederet:
730 658 903 708 ejusdem
926 657 980 695 D.
1001 657 1118 695 Bruti
1146 668 1296 694 conser-

164 711 282 749 vandi
300 712 438 763 gratia,
459 712 594 750 consul
620 713 755 751 sortitu
781 712 831 750 ad
856 712 1005 750 bellum
1023 711 1215 762 profectus
1239 709 1296 747 A.

166 765 351 812 Hirtius3
382 768 493 816 cujus
510 767 815 805 imbecillitatem
829 766 1059 805 valetudinis
1087 765 1208 803 animi
1219 763 1297 802 vir-

164 827 228 859 tus
248 827 285 858 et
304 833 391 872 spes
409 821 576 859 victoriae
602 821 867 860 confirmavit:
899 821 1042 867 Caesar,
1063 833 1168 867 cum,
1189 831 1297 857 exer-

164 874 244 913 citu
263 888 331 926 per
356 888 396 913 se
414 883 648 927 comparato,
676 889 699 914 a
728 875 864 927 primis
883 875 1053 926 pestibus
1081 872 1295 925 rempubli-

164 941 250 966 cam
269 927 478 979 liberasset,
499 942 548 967 ne
567 929 663 981 quid
685 937 819 981 postea
841 929 990 968 sceleris
1009 928 1184 977 oriretur,
1205 940 1295 979 pro-

162 983 286 1022 fectus
313 991 370 1022 est
393 983 444 1022 ad
473 984 654 1022 eumdem
683 985 857 1022 Brutum
881 982 1157 1028 liberandum,
1145 996 1156 1006 ·
1188 981 1297 1020 vicit-

162 1050 241 1089 que
270 1037 444 1077 dolorem
472 1038 643 1090 aliquem
674 1038 929 1077 domesticum
959 1037 1094 1089 patriae
1124 1036 1294 1075 caritate-

161 1091 275 1139 Quid
294 1092 341 1131 C.
366 1093 494 1131 Pansa
513 1093 591 1144 egit
609 1092 717 1132 aliud
734 1092 944 1131 delectibus
957 1091 1159 1140 habendis,
1179 1103 1299 1143 pecu-

161 1146 238 1185 niis
256 1147 537 1208 comparandis,
555 1150 726 1186 senatus·
728 1147 910 1186 consultis
922 1146 1105 1185 faciendis
1119 1145 1298 1197 gravissi-

162 1200 239 1240 mis
257 1201 298 1239 in
317 1201 554 1248 Antonium,
574 1201 686 1240 nobis
706 1201 961 1248 cohortandis,
982 1201 1129 1253 populo
1148 1201 1298 1239 Roma-

163 1267 216 1294 no
245 1255 295 1294 ad
325 1268 482 1294 causam
500 1255 688 1295 libertatis
706 1255 891 1301 vocando,
911 1255 987 1294 nisi
1008 1264 1054 1293 ut
1071 1254 1126 1292 D.
1147 1255 1298 1292 Brutus

163 1310 425 1350 liberaretur?
455 1324 479 1348 a
508 1323 586 1362 quo
608 1311 778 1363 populus
804 1311 1009 1348 Romanus
1031 1309 1213 1361 frequens
1241 1308 1297 1346 ita

160 1365 331 1403 salutem
354 1364 409 1403 D.
430 1365 547 1403 Bruti
575 1378 656 1403 una
675 1378 766 1404 voce
784 1364 1019 1426 depoposcit,
1040 1371 1084 1402 ut
1113 1377 1199 1402 eam
1219 1375 1298 1401 non

162 1419 294 1457 solum
324 1419 536 1458 commodis
565 1419 659 1469 suis,
687 1420 754 1458 sed
778 1419 895 1458 etiam
922 1418 1136 1457 necessitati
1159 1418 1296 1466 victus,

163 1473 382 1512 anteferret.
413 1474 533 1522 Quod
556 1487 706 1526 sperare
736 1487 806 1512 nos
829 1473 989 1526 quidem
1007 1473 1207 1519 debemus,
1227 1485 1298 1524 pa-

161 1535 240 1567 tres
259 1528 476 1581 conscripti,
509 1536 579 1567 aut
605 1528 704 1568 inibi
727 1541 822 1576 esse,
843 1535 911 1567 aut
933 1529 1016 1578 jam
1041 1540 1123 1566 esse
1147 1527 1300 1566 confec·-

161 1590 249 1621 tum
264 1597 274 1621 :
306 1582 373 1622 sed
390 1583 471 1635 spei
489 1582 661 1621 fructum
675 1583 731 1622 rei
750 1582 927 1622 convenit
946 1590 984 1621 et
1002 1581 1155 1621 eventui
1173 1594 1295 1620 reser-

161 1637 257 1686 vari,
278 1650 327 1676 ne
346 1645 415 1676 aut
437 1637 612 1676 Deorum
632 1637 914 1676 immortalium
940 1636 1171 1676 beneficium
1189 1635 1296 1674 festi-

159 1691 316 1730 natione
339 1692 597 1745 praeripuisse,
629 1700 698 1731 aut
720 1691 800 1731 vim
824 1692 990 1731 fortunae
1015 1689 1180 1730 stultitia
1204 1702 1296 1729 con-

162 1746 351 1796 temsisse,
372 1746 583 1785 videamur.

215 1801 306 1849 Sed,
348 1801 535 1853 quoniam
565 1801 792 1854 significatio
827 1808 954 1840 vestra
985 1799 1075 1840 satis
1112 1799 1294 1848 declarat,

157 1855 258 1907 quid
287 1856 360 1895 1136
392 1855 441 1894 (16
470 1869 511 1894 16
540 1856 738 1902 5611113115;
769 1855 819 1894 3(1
850 1856 980 1894 literas
1009 1854 1177 1917 veniam,
1208 1868 1298 1907 quae

162 1917 256 1948 sunt
274 1924 298 1948 a
331 1911 553 1949 consulibus
577 1918 614 1949 et
633 1924 655 1949 a
677 1919 909 1963 propraetore
933 1909 1088 1956 missae3
1119 1909 1151 1948 51
1175 1921 1300 1962 pauca

160 1972 268 2014 ante,
290 1978 379 2017 quae
397 1965 477 2004 3(1
466 1978 570 2018 ipsas
587 1965 716 2004 literas
734 1965 967 2018 pertineant,
987 1939 1133 2003 dixero.

215 2019 300 2058 III.
330 2018 481 2059 Imbuti
495 2020 682 2072 sanguine
699 2019 835 2072 gladii,
854 2026 982 2071 patres
999 2018 1218 2070 conscripti,
1238 2017 1296 2057 le-

160 2072 325 2126 gionum
365 2074 685 2127 exercituumque
714 2082 950 2123 nostrorum,
988 2073 1050 2112 vel
1089 2072 1297 2112 madefacti

158 2128 303 2179 potius,
332 2128 486 2168 duobus
504 2130 723 2179 consulum,
750 2128 862 2168 tertio
884 2127 1047 2168 0353115
1077 2128 1223 2180 proelio.
1254 2127 1298 2167 si

158 2182 330 2224 hostium
362 2182 439 2224 fuit
467 2184 534 2224 ille
564 2184 737 2237 sanguis,
764 2196 920 2224 summa
945 2182 1117 2223 militum
1145 2182 1294 2236 pietas:
