1509 2397
437 75 776 114 PHILIPPICA
805 75 838 113 I.
1124 74 1196 114 131

85 191 220 222 sonam
250 182 432 221 sustinere
463 182 531 220 diu
559 195 673 221 nemo
703 190 836 234 potest.
867 182 970 221 Cum
997 182 1201 231 Caesarem,

86 249 326 288 quamquam
367 237 408 273 in
444 236 565 274 libera
602 237 765 283 civitate,
800 236 983 287 singulari
1019 244 1205 287 potestate

87 303 218 338 usum,
248 291 382 329 funere
412 297 541 328 tamen
571 290 693 328 efferri
729 291 956 342 placuisset3
999 291 1084 341 (qui
1120 291 1205 329 fons

85 345 278 382 malorum
307 344 483 382 omnium
519 343 620 382 fuit:
661 344 712 382 sic
749 344 852 382 enim
884 351 1092 395 tyrannum
1128 357 1206 382 non

85 398 203 436 fuisse
229 398 497 448 judicabatur;
527 411 619 435 nam
639 405 890 449 tyrannorum
909 411 1066 449 corpora
1090 398 1208 449 proji-

86 452 240 490 ciuntur
257 452 475 499 inhumata)
503 451 674 490 laudavit
699 464 789 490 eum
808 451 855 489 de
882 464 988 490 more
1010 453 1208 490 Antonius

87 505 128 543 in
147 506 253 544 foro:
284 506 664 557 commemoratisque
683 507 795 543 rebus
814 507 862 543 ab
878 519 921 543 eo
941 506 1069 556 gestis,
1083 506 1210 543 maxi-

85 559 236 611 misque
255 573 343 611 erga
361 573 481 611 remp.
497 559 657 607 meritis,
674 559 863 611 explicata
878 559 1035 597 demum
1050 560 1209 598 cruenta

85 621 203 660 veste,
223 614 264 651 in
283 615 361 666 qua
380 627 497 653 caesus
515 613 653 662 fuerat,
672 614 805 652 multis
835 613 1049 675 pugionum
1071 614 1210 652 ictibus

87 668 270 719 perfossa,
292 669 473 706 convertit
496 668 704 706 orationem
723 667 772 705 ad
798 668 1079 706 miserationem
1106 681 1210 706 com-

87 722 346 768 movendam3
376 724 655 774 populumque,
684 723 768 771 jam
787 722 944 760 dolore
934 735 1145 769 incensum,
1166 722 1207 760 in

88 789 174 814 eam
204 776 440 814 iracundiam
469 777 715 827 furoremque
739 776 909 827 impulit,
941 783 999 822 ut,
1027 776 1155 814 statim
1185 789 1210 814 a

87 829 235 876 funere,
261 830 309 868 ad
339 831 499 868 domum
524 830 639 868 Bruti
659 838 696 868 et
718 830 840 868 Cassii
863 842 953 868 cum
982 830 1128 868 facibus
1147 844 1210 870 ac-

88 891 278 930 curreret3
310 884 412 923 unde
428 897 525 936 aegre
536 884 711 935 repulsus
730 890 796 922 est.
826 884 973 922 Brutus
987 891 1023 922 et
1039 884 1208 934 Cassius,

89 938 207 977 vitato
225 939 402 990 praesenti
421 939 602 990 periculo,
634 938 828 976 concitatae
850 937 1110 976 multitudinis
1128 939 1210 977 w'm

87 992 278 1041 timentes,
309 993 550 1044 Antoniique
581 992 781 1044 perfidiam
810 993 893 1041 jam
926 992 1015 1030 satis
1047 994 1209 1044 experti,

89 1046 259 1084 Antium
291 1054 329 1084 et
357 1047 583 1085 Lanuvium
613 1046 860 1097 aufugerunt,
893 1059 936 1084 eo
969 1047 1138 1095 consilio,
1165 1056 1212 1087 ut

88 1100 178 1138 inde
195 1101 236 1138 in
255 1101 465 1152 provincias
485 1115 507 1139 a
526 1108 659 1139 senatu
682 1101 848 1139 decretas
870 1100 1207 1152 proficiscerentur.

90 1154 320 1193 Decreverat
344 1163 474 1194 autem
505 1162 669 1203 senatus,
696 1154 876 1206 postridie
895 1168 1014 1206 quam
1045 1169 1065 1193 e
1092 1156 1209 1208 Capi-

90 1209 182 1247 tolio
202 1208 360 1247 Caesaris
389 1209 645 1248 interfectores
664 1209 947 1256 descenderant,
972 1209 1096 1248 Bruto
1116 1210 1210 1249 Cre-

90 1269 186 1310 tam,
208 1262 338 1301 Cassio
355 1263 547 1311 Africam,
568 1263 761 1301 Trebonio
779 1263 934 1309 Asiam,
954 1263 1113 1301 Cimbro
1137 1264 1210 1302 Bi-

91 1316 290 1367 thyniam:
321 1316 374 1354 D.
406 1317 531 1354 Bruto
563 1316 732 1354 Galliam
770 1316 992 1364 citeriorem,
1025 1316 1155 1355 datam
1185 1331 1210 1356 a

91 1371 241 1409 Caesare
270 1378 394 1417 antea,
421 1370 674 1409 confirmarat.
705 1369 816 1408 Idem
846 1376 989 1430 tamen,
1021 1371 1131 1421 quasi
1161 1371 1211 1410 ad

91 1425 292 1463 sanitatem
306 1432 514 1473 revocatus,
531 1424 686 1475 reliquis
698 1424 859 1462 diebus'
849 1436 889 1461 1n
906 1424 1095 1475 Capitolio
1113 1439 1211 1477 prae-

92 1480 193 1517 clara
225 1481 391 1517 senatus·
394 1479 565 1517 consulta
601 1478 702 1525 fecit,
739 1478 910 1529 primum
943 1478 1041 1516 illud
1071 1492 1091 1517 e
1128 1480 1209 1518 Ser.

91 1532 252 1584 Sulpicii
271 1532 470 1581 sententia,
491 1546 540 1570 ne
563 1546 640 1584 qua
657 1539 743 1583 post
772 1532 866 1569 Idus
886 1532 1005 1570 Mart.
1025 1532 1214 1571 immuni·-

92 1587 181 1625 tatis
200 1587 346 1635 tabula,
367 1599 459 1624 neve
479 1588 588 1636 cujus
606 1585 792 1634 beneficii,
819 1586 999 1637 figeretur
1015 1601 1025 1624 x
1056 1586 1207 1635 deinde,

93 1648 138 1679 ut
157 1640 353 1679 dictaturae
375 1653 515 1678 nomen
540 1641 580 1677 in
603 1647 833 1691 perpetuum
857 1653 878 1677 e
902 1653 980 1691 rep.
1002 1641 1210 1679 tolleretur.

94 1695 186 1734 Lux
199 1695 377 1746 quaedam
388 1695 516 1733 oblata
529 1694 727 1733 videbatur
741 1708 751 1732 ε
778 1693 889 1732 erecti
901 1700 1007 1732 erant
1015 1708 1082 1746 spe
1096 1695 1212 1734 liber-

92 1749 181 1787 tatis
206 1756 244 1787 et
265 1749 332 1787 otii
356 1750 544 1787 bonorum
568 1748 714 1786 animi:
745 1748 948 1786 constituta
973 1761 1070 1800 resp.
1099 1756 1213 1800 puta-

91 1805 217 1842 batur.
258 1803 334 1841 Sed
362 1804 435 1841 cito
465 1803 530 1841 ille
562 1802 845 1840 simulationem
877 1803 1044 1850 sustulit,
1078 1804 1213 1855 suique

92 1857 227 1896 similis
245 1857 347 1895 visus
367 1864 434 1895 est.
465 1856 612 1895 Habito
626 1856 729 1894 enim
749 1856 927 1894 Calendis
946 1856 975 1894 J
977 1869 1043 1894 un.
1064 1865 1211 1904 senatu,

93 1924 170 1949 non
197 1924 300 1957 eum,
322 1924 440 1962 quem
458 1918 582 1958 antea,
603 1911 650 1948 de
669 1923 747 1961 rep.
769 1923 937 1957 sensum,
958 1923 1027 1949 nec
1046 1912 1214 1962 superio-

94 1978 184 2003 rum
202 1965 351 2003 dierum
371 1965 462 2003 actis
493 1964 787 2003 consentientem
807 1965 1058 2013 voluntatem,
1089 1970 1215 2003 osten-

97 2019 166 2057 dit.
197 2019 309 2057 Nihil
341 2019 477 2057 deinde
496 2019 545 2057 ad
563 2026 739 2057 senatum
763 2018 973 2056 referebat:
1004 2032 1070 2069 per
1089 2032 1214 2071 popu-

97 2073 196 2119 lum,
215 2072 258 2110 id
277 2080 344 2119 est,
364 2086 432 2124 per
445 2073 620 2111 infimam
635 2079 928 2123 corruptamque
942 2072 1109 2123 plebem,
1125 2085 1216 2111 con-

98 2126 219 2164 temta
241 2127 467 2178 amplissimi
488 2127 630 2165 ordinis
650 2126 884 2173 auctoritate,
911 2127 1048 2176 agebat
1073 2126 1214 2165 omnia.

100 2180 655 2221 Contra=senatt1s-consultum
683 2180 788 2233 quod
816 2180 897 2232 ipse
925 2179 1006 2219 fien'
1031 2180 1215 2229 voluerat,

157 2234 309 2282 (Orat.)
328 2246 434 2275 voL.
455 2247 519 2274 lv.
918 2244 947 2271 R
