1555 2433
373 120 487 160 PRO
516 118 727 159 BALBO.
755 121 860 159 CAP.
894 123 954 158 12.
1175 125 1223 162 13

173 227 352 268 Duarum
381 229 577 268 civitatum
606 228 696 267 civis
722 240 814 276 esse,
842 236 969 267 nostro
994 231 1082 279 jure
1111 230 1226 279 civili,

118 295 232 322 nemo
248 290 397 344 potest.
427 295 504 320 non
531 295 609 320 esse
637 283 754 332 hujus
783 282 942 320 civitatis
967 283 1071 330 civis,
1095 285 1162 335 qui
1185 297 1227 323 se

117 337 183 375 alii
210 337 352 376 civitati
376 336 523 384 dicarit,
553 343 686 388 potest.
715 337 855 387 Neque
880 337 1004 375 solum
1026 337 1225 387 dicatione,

116 390 252 441 (quod,
271 391 312 428 in
330 390 556 436 calamitate,
581 390 796 428 clarissimis
817 389 919 437 viris,
950 390 1001 438 Q.
1033 391 1227 441 Maximo,

116 445 163 485 C.
183 444 347 491 Laenati,
379 444 431 491 Q.
452 444 582 495 Philip
557 456 647 495 ppo,
668 441 875 488 Nuceriae3
906 444 951 482 C.
972 445 1109 483 Catoni
1128 446 1227 484 Tar-

114 511 273 544 racone3
304 497 355 545 Q.
377 497 560 548 Caepioni,
589 498 634 535 P.
658 497 822 545 Rutilio,
848 498 1036 549 Smyrnae,
1060 498 1226 538 vidimus

112 551 301 599 accidisse,
321 558 365 589 ut
380 564 510 590 earum
524 551 722 589 civitatum
740 551 872 589 fierent
887 551 1001 600 cives,
1022 553 1120 591 hanc
1138 561 1226 592 ante

113 605 286 644 amittere
303 617 380 644 non
399 605 620 657 potuissent,
641 617 758 656 quam
775 605 892 654 hujus
918 607 1044 644 solum
1062 607 1223 646 civitatis

112 659 323 698 mutatione
351 659 562 706 vertissent)
591 659 655 697 sed
675 659 789 697 etiam
825 660 1072 709 postliminio,
1102 668 1226 711 potest

112 713 274 752 civitatis
292 712 374 751 fieri
386 713 559 751 mutatio.
590 713 729 764 Neque
741 712 844 751 enim
863 713 942 751 sine
961 715 1074 752 caus&
1088 715 1134 752 de
1149 715 1222 753 Cn.

113 766 288 805 Publicio
318 766 548 811 Menandro,
578 766 754 804 libertino
782 767 951 814 homine,
981 781 1098 819 quem
1121 769 1226 820 apud

110 822 273 870 majores
289 820 403 870 legati
422 821 539 858 nostri
552 820 592 857 in
613 820 801 858 Graeciam
819 820 1092 871 proficiscentes
1110 822 1226 860 inter-

109 881 254 926 pretem
270 887 399 912 secum
417 874 555 912 habere
573 874 788 921 voluerunt,
809 874 858 912 ad
876 876 1065 926 populum
1083 876 1222 923 latum,

110 935 156 966 ut
183 928 216 966 is
245 928 457 976 Publicius,
479 928 510 966 si
534 928 694 966 domum
722 928 938 977 revenisset,
967 936 1004 967 et
1025 929 1114 967 inde
1142 930 1223 968 Ro-

109 994 216 1020 mam
240 982 422 1029 rediisset,
452 994 500 1020 ne
529 982 658 1019 minus
686 982 776 1019 civis
805 990 911 1020 esset.
941 982 1064 1020 Multi
1091 983 1220 1031 etiam,

108 1035 298 1087 superiore
311 1035 510 1083 memoria,
531 1036 629 1074 cives
649 1035 830 1083 Romani,
852 1036 921 1074 5113
939 1037 1148 1084 voluntate,
1163 1037 1223 1074 in-

107 1088 277 1127 demnati
295 1097 331 1127 et
360 1090 582 1138 incolumes,
608 1089 668 1126 his
693 1091 805 1127 rebus
830 1090 982 1139 15115115,
1008 1090 1101 1131 31135
1126 1103 1164 1129 55
1180 1091 1222 1128 111

108 1142 275 1181 civitates
294 1143 546 1180 contulerunt.

161 1196 264 1234 XII.
294 1196 411 1243 Quod
429 1197 461 1233 si
480 1196 553 1234 civi
572 1196 750 1234 Romano
762 1198 850 1235 licet
869 1210 946 1236 esse
966 1198 1218 1246 Gaditanum,

108 1250 186 1289 sive
217 1250 364 1297 exsilio,
397 1250 474 1287 sive
498 1249 744 1300 postliminio,
775 1251 852 1288 sive
880 1252 1079 1300 rejectione
1102 1252 1219 1301 hujus

108 1303 283 1349 civitatis,
303 1306 364 1345 (ut
378 1304 461 1352 jam
479 1303 529 1340 ad
546 1303 669 1340 foedus
689 1304 854 1350 veniam,
875 1304 978 1355 quod
997 1305 1046 1342 ad
1065 1318 1218 1343 causam

107 1357 205 1395 nihil
222 1357 408 1407 pertinet3
440 1356 486 1394 de
500 1356 660 1394 civitatis
675 1357 777 1394 enim
793 1358 893 1405 jure,
910 1370 986 1395 non
1006 1357 1052 1395 de
1071 1358 1219 1396 foederi-

107 1411 194 1458 bus,
203 1410 487 1460 disceptamus);
505 1409 597 1460 qujd
605 1418 674 1456 est,
687 1411 936 1460 quamobrem
948 1410 1019 1448 civi
1029 1411 1220 1450 Gaditano

106 1463 148 1501 in
166 1464 264 1502 113115
281 1464 472 1501 civitatem
491 1463 616 1501 venire
635 1475 711 1500 non
729 1463 839 1501 liceat
850 1462 868 1499 Ρ
895 1463 1091 1515 Equidem
1105 1465 1218 1517 longe

104 1530 212 1556 secus
226 1517 357 1556 sentio.
388 1517 508 1563 Nam,
522 1529 609 1554 cum
623 1529 669 1554 ex
684 1517 862 1555 omnibus
874 1517 1087 1556 civitatibus
1099 1518 1159 1557 via
1171 1520 1219 1558 sit

105 1571 146 1609 in
158 1578 339 1618 nostram,
353 1583 517 1621 cumque
528 1571 663 1608 nostris
676 1571 819 1609 civibus
831 1579 958 1621 pateat
967 1571 1037 1609 iter
1048 1572 1096 1609 ad
1108 1580 1217 1611 caete-

86 1638 164 1663 ·ras
182 1625 377 1670 civitates3
407 1632 492 1662 tum
510 1637 611 1671 vero,
632 1632 675 1662 ut
694 1638 856 1676 quaeque
874 1625 1070 1663 nobiscum
1090 1627 1216 1665 maxi.

103 1691 168 1717 me
192 1679 378 1726 societate,
405 1678 587 1725 amicitia,
616 1679 827 1730 sponsione,
851 1679 1036 1741 pactione,
1060 1679 1212 1730 foedere,

103 1732 305 1781 conjuncta
323 1740 390 1779 est,
406 1732 460 1770 ita
476 1732 573 1770 mihi
589 1733 759 1770 maxime
774 1734 1081 1771 communionem
1099 1735 1215 1773 bene-

102 1785 288 1835 ficiorum,
308 1786 567 1838 praemiorum,
583 1787 756 1834 civitatis,
777 1786 966 1825 continere
984 1787 1145 1825 videtur.

155 1841 283 1892 Atqui
301 1848 443 1879 caeterae
460 1840 627 1879 civitates
646 1853 776 1878 omnes
795 1852 871 1878 non
890 1840 1109 1879 dubitarent
1126 1854 1212 1880 nos-

102 1899 179 1932 tros
197 1894 359 1945 recipere
372 1895 413 1932 in
431 1907 517 1932 suas
535 1894 716 1942 civitates,
730 1894 761 1932 si
778 1894 880 1932 idem
899 1907 968 1933 nos
982 1895 1079 1944 juris
1097 1894 1213 1934 habe-

100 1959 243 1996 remus,
263 1947 366 1999 quod
384 1948 517 1986 caeteri.
546 1948 622 1987 Sed
640 1961 708 1986 nos
726 1960 801 1986 non
821 1961 1022 2000 possumus
1041 1956 1079 1987 et
1095 1948 1212 1999 hujus

101 2013 180 2039 aese
191 2000 364 2050 civitatis,
381 2009 418 2040 et
431 2002 596 2051 cujusvis
613 2010 816 2053 praeterea.
807 2016 816 2025 ·
838 2003 979 2041 caeteris
991 2015 1209 2040 concessum

101 2061 170 2092 est.
188 2053 364 2107 Itaque
353 2068 395 2094 m
414 2055 556 2094 Graecis
581 2056 794 2095 civitatibus
823 2055 1011 2103 videmus,
1041 2055 1207 2094 Athenis

100 2107 286 2157 Rhodios,
305 2108 625 2158 Lacedaemonios,
652 2118 802 2148 caeteros
833 2110 1004 2171 undique
1032 2109 1206 2157 adscribi,

98 2161 384 2214 multarumque
412 2175 490 2202 esse
514 2163 664 2203 eosdem
681 2164 854 2202 homines
878 2164 1086 2202 civitatum.
1115 2162 1206 2209 Quo

97 2225 218 2252 errore
235 2214 366 2254 ductos
384 2216 462 2254 vidi
480 2224 629 2269 egomet
646 2218 849 2258 nonnullos
867 2217 1061 2268 imperitos
1078 2215 1202 2256 homi·
1229 2239 1232 2241 Α

150 2268 301 2317 (orat.)
326 2281 430 2310 vni..
451 2281 507 2309 lv.
909 2282 932 2308 c
