1509 2397
391 116 458 154 IN
487 116 762 157 PISONEM.
792 117 898 156 CAP.
929 119 994 156 40.
1201 116 1252 155 69

132 235 247 274 prum
259 224 382 264 Bonae
392 223 489 263 Deae
502 225 767 277 pulvinaribus
779 225 981 263 intulisset.
1013 224 1113 272 Quis
1128 224 1202 262 fuit
1213 224 1254 261 in

133 277 240 315 muta
258 277 422 327 civitate,
447 280 515 330 qui
540 279 653 317 illum
678 279 820 318 incesto
838 280 1059 325 liberatum,
1079 291 1157 316 11011
1177 291 1254 324 eos,
1277 301 1285 312 ·

133 331 201 381 qui
212 331 266 369 ita
273 331 510 381 judicarunt,
523 333 607 384 pari
619 334 753 372 scelere
760 333 971 380 obstrictos,
982 333 1226 371 arbitraretur
1234 332 1253 368 ’ἓ

186 384 278 423 XL.
308 388 376 423 An
401 400 470 438 ego
501 396 731 439 exspectem,
755 388 851 425 dum
880 387 927 425 de
952 395 989 425 te
1018 387 1190 438 quinque
1217 394 1254 424 et

135 439 377 490 septuaginta
405 441 556 479 tabellae
574 441 824 502 diribeantur,
845 441 892 479 de
918 454 994 493 quo
1022 440 1256 491 jampridem

135 504 267 531 omnes
296 495 475 533 mortales
507 495 682 533 omnium
715 508 914 556 generum,
947 503 1120 541 aetatum,
1155 494 1255 532 ordi-

133 557 244 594 num,
271 548 574 597 judicaverunt?
604 549 705 597 Quis
725 550 828 587 enim
855 558 891 587 te
916 549 1037 596 aditu,
1063 549 1149 600 quis
1175 548 1256 585 ullo

132 599 288 648 honore,
310 602 396 653 quis
415 602 580 655 denique
605 604 802 641 communi
825 604 1066 649 salutatione,
1093 602 1157 653 dig,
1136 615 1257 639 num

131 657 276 704 putet?
306 658 454 694 Omnes
472 657 698 695 memoriam
718 658 934 695 consulatus
953 657 1024 703 mi,
1046 657 1158 703 facta,
1173 669 1258 694 mo-

131 720 205 756 res,
225 708 362 747 faciem
380 710 545 762 denique
564 724 607 749 ac
632 724 787 758 nomen,
810 725 832 748 a
854 711 1050 762 republica
1069 710 1258 748 detestan-

133 768 208 799 tur.
239 763 392 814 Legati,
425 766 493 815 qui
517 766 596 802 una
618 765 740 813 fuere,
773 765 950 802 alienati:
981 764 1126 802 tribuni
1154 764 1258 801 mili-

134 822 219 854 tum
237 817 409 856 inimici:
442 819 692 867 centuriones,
725 826 762 857 et
790 820 822 857 si
840 819 908 870 qui
935 831 982 855 ex
1013 826 1118 856 tanto
1149 831 1257 856 exer-

133 870 212 908 citu
241 871 379 923 reliqui
400 873 539 911 milites
559 880 723 920 exstant,
750 886 827 911 non
851 873 999 910 dimissi
1027 874 1094 910 abs
1120 880 1171 918 te,
1192 872 1258 910 sed

135 923 322 975 dissipati,
344 934 381 964 te
400 926 589 972 oderunt3
620 927 690 965 tibi
708 935 852 978 pestem
877 934 1074 978 exoptant,
1095 933 1132 964 te
1151 939 1259 964 exse-

135 986 300 1016 crantur.
329 980 482 1018 Achaia
491 981 690 1028 exhausta,
707 981 908 1019 Thessalia
922 988 1072 1027 vexata,
1085 981 1259 1018 laceratae

132 1032 315 1080 Athenae,
337 1034 626 1085 Dyrrhachium
645 1043 682 1073 et
700 1036 911 1086 Apollonia
929 1035 1137 1081 exinanita,
1154 1035 1257 1071 Am-

133 1087 261 1125 bracia
278 1088 440 1139 direpta,
467 1089 645 1128 Parthini
672 1097 708 1127 et
732 1090 949 1127 Bulljenses
970 1089 1088 1135 1111151,
1109 1088 1256 1140 Epirus

134 1140 273 1189 excisa,
311 1142 440 1191 Locri,
476 1143 624 1189 Phocii,
664 1144 804 1181 Boeotii
841 1143 979 1191 exusti,
1017 1142 1254 1190 Acarnania,

134 1195 428 1246 Amphilochia,
445 1197 678 1245 Perrhaebia,
693 1198 1078 1248 Athamanumque„
1055 1210 1146 1235 oens
1165 1209 1257 1234 ven-

134 1248 227 1296 dita,
249 1249 480 1289 Macedonia
499 1251 710 1290 condonata
728 1252 912 1298 barbaris,
934 1252 1082 1290 AEtolia
1101 1250 1255 1311 amissa,

135 1301 320 1354 Dolopes,
351 1304 583 1365 finitimique
608 1305 795 1352 montani,
825 1305 980 1366 oppidis
1010 1312 1126 1356 atque
1155 1304 1257 1355 agris

135 1358 392 1405 exterminati,
413 1358 511 1396 cives
531 1359 715 1404 Romani,
737 1360 805 1410 qui
823 1360 863 1396 in
883 1360 928 1396 iis
946 1358 1039 1396 loeis
1058 1358 1258 1409 negotian-

134 1417 211 1458 tur,
233 1418 270 1449 te
284 1424 407 1449 unum
423 1414 548 1450 solum
560 1427 631 1451 suu
632 1426 674 1450 m
689 1413 1008 1464 depeculatorem,
1023 1420 1256 1461 vexatorem,

133 1464 369 1515 praedonem,
388 1466 552 1513 hostem,
573 1467 718 1505 venisse
737 1474 945 1505 senserunt.

186 1518 255 1556 Ad
265 1520 404 1558 horum
419 1521 595 1558 omnium
611 1521 755 1570 judicia
767 1528 823 1559 tot
838 1529 952 1572 atque
968 1527 1088 1567 tanta,
1105 1521 1256 1559 domes-

135 1572 256 1610 ticum
271 1573 462 1623 judicium
482 1575 636 1613 accessit
657 1575 853 1613 sententiae
875 1575 1129 1613 damnationis
1148 1582 1225 1613 tuae
1241 1589 1254 1620 ;

134 1626 306 1665 occultus
338 1628 538 1676 adventus,
558 1629 746 1666 furtivum
765 1629 836 1667 iter
860 1642 927 1680 per
947 1629 1119 1675 Italiam,
1138 1629 1259 1667 intro-

134 1680 211 1718 itus
229 1680 270 1718 in
290 1682 440 1720 Urbem
459 1682 628 1721 desertus
643 1685 691 1721 ab
712 1683 859 1731 amicis,
879 1683 998 1721 nullae
1017 1683 1066 1721 ad
1084 1691 1260 1721 senatum

135 1747 156 1772 e
173 1735 369 1786 provincia
386 1736 519 1784 literae,
540 1738 650 1775 nulla
678 1750 726 1775 ex
745 1737 854 1775 trinis
883 1737 1020 1775 aestivis
1039 1737 1258 1788 gratulatio,

134 1789 245 1826 nulla
275 1789 464 1841 triumphi
492 1791 648 1828 mentio.
694 1792 788 1829 Non
817 1791 932 1828 modo
958 1791 1053 1842 quid
1084 1791 1258 1842 gesseris,

136 1843 201 1880 sed
220 1855 269 1880 ne
294 1844 434 1895 quibus
456 1845 498 1882 in
513 1844 611 1882 ⁴locis
641 1845 799 1896 quidem
822 1844 954 1892 fueris,
979 1845 1101 1883 dicere
1127 1845 1257 1883 audes.

137 1896 203 1933 Ex
221 1897 288 1935 ino
306 1897 412 1936 fonte
434 1906 471 1936 et
490 1899 693 1937 seminario
716 1899 1017 1950 triumphorum,
1038 1912 1127 1936 cum
1154 1899 1262 1937 arida

137 1950 229 1988 folia
253 1951 394 1990 laureae
427 1952 644 1998 retulisses3
675 1966 765 1990 cum
788 1966 832 1991 ea
862 1954 1009 2002 abjecta
1034 1952 1083 1990 ad
1109 1961 1262 2004 portam

139 2004 339 2066 reliquisti,
372 2013 457 2044 tum
481 2014 523 2044 tu
547 2006 627 2058 ipse
653 2007 702 2044 de
732 2014 769 2044 te
798 2006 970 2044 “fecisse
991 2007 1144 2045 videri”
1173 2020 1263 2058 pro-

139 2059 373 2098 nuntiavisti.
403 2060 486 2107 Qui
505 2060 536 2098 si
555 2060 653 2098 nihil
671 2073 838 2111 gesseras
850 2061 1014 2111 dignum
1025 2061 1182 2109 honore,
1195 2061 1265 2099 ubi

139 2113 349 2152 exercitus.
340 2116 357 2141 9
377 2114 446 2152 ubi
459 2117 635 2153 sumtus?
655 2115 746 2153 ubi
735 2115 966 2165 imperium.
956 2117 974 2143 ¹>
994 2115 1063 2153 ubi
1074 2115 1140 2152 iila
1151 2116 1266 2152 uber-

138 2164 239 2204 rima
263 2167 608 2218 supplicationibus
633 2168 917 2220 triumphisque
935 2169 1166 2235 provincia?
1196 2168 1265 2207 Sin

138 2226 268 2258 autem
278 2221 425 2273 aliquid
433 2235 582 2273 sperare
595 2237 618 2260 1
619 2223 783 2271 olueras,
794 2222 826 2261 si
838 2222 1025 2274 cogitaras
1035 2222 1076 2261 id
1084 2222 1204 2275 quod
1195 2235 1269 2260 im-
