1509 2397
374 59 438 97 IN
469 55 744 96 PISONEM.
776 57 881 96 CAP.
913 60 950 96 9.
1171 56 1224 100 37

104 165 201 218 quid
213 164 339 205 facis?
369 166 473 218 quod
494 165 602 204 nulla
620 165 660 203 in
678 164 854 204 barbaria
871 165 1076 217 quisquam
1095 173 1224 216 tyran-

105 232 192 257 11115
223 219 373 259 Omitto
391 220 494 259 enim
505 219 617 267 illud,
637 219 833 258 consulem
845 219 1001 265 edicere,
1015 227 1059 256 ut
1073 227 1224 258 senatus

104 275 444 312 senatus-consulto
462 286 510 312 ne
528 275 787 325 obtemperem
815 286 892 324 quo
906 273 1043 311 foedius
1055 286 1124 311 nec
1142 273 1224 311 fieri

106 339 176 365 nec
188 327 345 378 cogitari
359 328 572 389 quidquam
588 335 721 378 potest.
751 324 820 364 Ad
832 326 1127 364 misericordiam
1139 327 1224 365 red-

106 393 152 419 eo
180 381 276 429 ejus,
311 382 372 419 cui
405 382 519 419 nimis
548 381 698 419 videtur
720 388 874 418 senatus
903 380 945 418 in
970 381 1224 419 conservanda

106 433 229 485 patria
241 434 358 474 fuisse
377 435 550 474 crudelis
578 435 738 473 Edicere
753 442 807 472 est
821 446 950 481 ausus,
964 447 1053 472 cum
1071 434 1137 472 illo
1157 449 1226 473 suo

106 488 204 540 pari,
225 501 341 540 quem
360 497 489 527 tamen
514 489 694 527 omnibus
714 488 814 526 vitiis
832 501 1011 539 superare
1035 489 1225 539 cupiebat,

106 549 151 579 ut
169 550 334 589 senatus,
350 552 480 581 contra
500 555 618 594 quam
643 543 724 594 ipse
742 541 959 590 censuisset,
980 542 1029 580 ad
1047 543 1228 581 vestitum

106 595 255 634 rediret.
285 596 385 644 Quis
403 597 475 635 hoc
500 597 588 635 fecit
613 596 724 635 ulla
714 609 754 634 m
780 596 936 647 Scythia
963 604 1162 647 tyrannus,
1182 605 1227 635 ut

107 663 184 698 eos,
206 663 301 701 quos
319 650 425 689 luctu
440 650 617 699 afficeret,
636 651 768 701 lugere
786 662 863 688 non
883 649 1051 689 sineret?
1081 650 1227 689 Moero-

106 717 189 742 rem
203 704 406 755 relinquis,
396 718 406 727 ·
428 704 598 743 moeroris
611 704 737 742 aufers
750 703 925 754 insignia.
954 704 1086 755 Eripis
1104 705 1227 756 lacry-

106 771 206 805 mas,
223 770 300 796 non
319 758 560 806 consolando,
582 758 647 797 sed
664 757 860 795 minando.
889 757 1007 805 Quod
1019 758 1052 796 si
1066 766 1224 807 vestem,

106 824 184 850 non
207 812 360 863 publico
390 812 557 859 001151110,
589 820 714 864 patres
745 811 958 863 conscripti,
989 812 1054 850 sed
1078 812 1227 864 privato

106 866 231 904 officio
254 873 322 904 aut
339 866 608 914 misericordia,
634 865 908 911 mutavissent,
944 873 1089 913 tamen,
1115 866 1191 904 id
1180 868 1226 906 115

108 932 187 958 11011
205 920 316 958 licere
342 933 410 972 per
437 920 637 958 interdicta
663 919 894 958 crudelitatis
914 927 1005 967 tuae,
1031 921 1226 971 potestatis

106 981 186 1012 erat
204 986 282 1012 non
299 973 475 1012 ferendae.
506 974 608 1012 Cum
626 986 714 1012 vero
725 973 765 1011 id
780 980 931 1011 senatus
949 973 1128 1025 frequens
1140 987 1227 1013 cen-

105 1028 256 1076 suisset,
291 1028 440 1066 ordines
469 1027 607 1079 reliqui
633 1029 717 1077 jam
746 1036 834 1066 ante
858 1027 1058 1073 fecissent3
1088 1035 1146 1075 tu,
1180 1042 1228 1067 ex

107 1082 338 1121 tenebricosa
355 1082 499 1133 popina
518 1082 649 1120 consul
668 1088 872 1129 extractus,
903 1094 993 1119 011111
1016 1082 1084 1119 ina
1114 1083 1228 1121 salta-

106 1135 199 1174 trice
217 1136 340 1183 tonsa,
366 1144 542 1174 senatum
561 1135 695 1187 populi
723 1136 893 1173 Romani
911 1148 1086 1174 occasum
1114 1144 1229 1188 atque

108 1188 306 1228 interitum
324 1190 543 1241 reipublicae
561 1190 692 1240 lugere
710 1189 874 1227 vetuisti.

164 1243 242 1281 IX.
271 1243 330 1281 At
354 1246 547 1294 quaerebat
574 1243 690 1281 etiam
715 1243 832 1294 paulo
853 1251 941 1282 ante
965 1243 1012 1282 de
1036 1256 1112 1292 me,
1134 1245 1228 1296 quid

109 1309 180 1336 suo
193 1297 290 1334 mihi
304 1309 400 1347 opus
417 1297 552 1335 fuisset
564 1296 733 1342 auxilio;
754 1310 821 1335 cur
840 1309 918 1335 non
936 1298 1031 1335 meis
1049 1298 1226 1344 inimicis,

111 1350 207 1388 meis
232 1350 363 1401 copiis,
382 1350 613 1388 restitissem.
660 1350 785 1397 Quasi
803 1363 891 1388 vero
913 1363 988 1389 non
1009 1352 1123 1390 modo
1142 1365 1226 1403 ego,

111 1403 180 1456 qui
204 1404 336 1442 multis
356 1417 454 1455 saepe
472 1404 615 1442 auxilio
641 1403 812 1452 fuissem,
832 1403 898 1442 sed
922 1405 1128 1456 quisquam
1147 1413 1229 1444 tam

109 1458 219 1510 inops
246 1458 361 1496 fuerit
379 1471 566 1509 unquam,
583 1457 665 1508 qui,
685 1457 756 1495 isto
774 1470 852 1496 non
876 1457 991 1496 modo
1009 1472 1230 1511 propugna-

110 1519 191 1550 tore
203 1512 381 1550 tutiorem
400 1525 453 1560 se,
474 1512 540 1550 sed
551 1511 730 1549 advocato
749 1519 815 1549 aut
833 1511 1104 1563 adstipulatore
1118 1527 1230 1565 para-

110 1565 260 1614 tiorem,
280 1565 360 1604 fore
389 1573 551 1617 putaret.
586 1566 673 1617 Ego
705 1565 814 1604 istius
835 1566 990 1617 pecudis
1012 1580 1055 1605 ac
1083 1568 1230 1619 putidae

112 1619 234 1658 carrus
254 1620 408 1658 consilio
433 1619 587 1667 scilicet,
619 1627 686 1658 aut
713 1620 902 1671 praesidio,
923 1620 994 1658 niti
1019 1621 1195 1660 volebam
1210 1626 1228 1662 Ρ

113 1675 163 1712 ab
181 1674 253 1711 hoc
285 1675 402 1724 ejecto
423 1674 603 1712 cadavere
622 1673 836 1725 quidquam
854 1674 952 1712 mihi
969 1681 1037 1712 aut
1055 1675 1136 1726 opis
1162 1684 1230 1715 aut

112 1728 326 1766 ornamenti
344 1729 600 1779 expetebam?
630 1728 838 1767 Consulem
864 1741 934 1780 ego
958 1735 1044 1766 turn
1062 1730 1230 1781 require-

111 1783 218 1829 bam,
237 1782 447 1829 consulem,
467 1782 642 1833 inquam,
670 1794 748 1820 non
774 1782 887 1819 illum
915 1782 1086 1833 quidem,
1112 1797 1230 1834 quem

110 1834 152 1872 in
178 1834 250 1873 hoc
282 1834 478 1887 [animali]
509 1836 678 1874 invenire
699 1848 777 1874 non
799 1848 963 1887 possem,
991 1836 1058 1888 qui
1084 1844 1230 1876 tantam

111 1888 330 1940 reipublicae
349 1902 501 1927 causam
519 1889 703 1940 gravitate
721 1897 759 1928 et
776 1890 931 1928 consilio
950 1903 1018 1928 suo
1029 1898 1199 1930 tueretur
1215 1906 1228 1937 3

112 1942 178 1980 sed
196 1942 277 1994 qui,
297 1951 496 1994 tamquam
523 1951 680 1981 truncus
709 1951 824 1995 atque
854 1943 982 1995 stipae,
1011 1944 1044 1982 si
1069 1946 1231 1984 stetisset

111 1995 240 2044 modo,
278 2004 403 2048 posset
434 1997 617 2036 sustinere
647 2004 775 2035 tamen
807 1997 965 2036 titulum
1000 2000 1230 2038 consulates.

114 2048 217 2087 Cum
245 2050 348 2088 enim
366 2058 462 2089 esset
484 2050 610 2090 omnis
627 2064 741 2089 causa
764 2051 833 2090 illa
856 2064 942 2089 mea
969 2053 1175 2091 consularis
1194 2061 1232 2092 et

113 2103 313 2153 senatoria,
340 2104 484 2142 auxilio
502 2105 599 2143 mihi
622 2117 718 2157 opus
736 2105 860 2144 fuerat
878 2112 916 2143 et
934 2106 1098 2144 consulis
1116 2114 1154 2144 et
1172 2120 1231 2145 se-

112 2159 249 2247 Παῐΐὸες
279 2171 445 2208 quorum
466 2158 629 2198 alterum
659 2158 775 2197 etiam
800 2159 850 2198 ad
866 2159 1072 2210 perniciem
1101 2173 1228 2199 meam

162 2215 178 2253 (
223 2216 314 2261 rut.)
342 2222 446 2249 voe.
470 2223 533 2250 w.
930 2223 956 2250 r:
