1555 2433
285 470 417 518 PRO
453 470 508 518 L.
543 468 883 519 CORNELIO
919 470 1157 518 BALBO.

224 590 336 630 1.S1
349 591 587 630 auctoritates
601 597 847 643 patronorum
861 589 901 628 in
913 589 1065 640 judiciis
1077 591 1218 639 valent,
1234 591 1284 629 ab

170 645 415 697 amplissimis
439 645 528 683 viris
551 645 599 683 L.
624 644 791 683 Cornelii
820 657 932 682 causa
959 643 1112 683 defensa
1139 653 1219 691 est3
1250 644 1284 682 si

168 713 274 747 usus,
295 712 318 737 a
335 699 594 761 peritissimi53
623 698 654 736 si
672 697 838 750 ingenia,
869 699 916 736 ab
937 698 1280 749 eloquentissimis·
1268 727 1280 744 ‚

171 753 203 791 si
221 752 361 801 studia,
381 754 429 791 ab
449 752 699 800 amicissimis,
729 759 766 790 et
793 764 882 790 cum
907 751 1099 790 beneficiis
1119 765 1208 791 cum
1234 752 1285 790 L.

171 806 361 855 Cornelio,
376 814 461 845 tum
478 805 647 845 1113311113
661 805 917 844 familiaritate
931 806 1152 855 conjunctis.
1183 806 1285 854 Quae

171 868 260 899 sunt
278 860 394 911 igitur
412 873 508 899 meae
518 868 666 912 partes.
656 863 674 889 ⁹
703 859 933 898 auctoritatis
952 866 1081 908 tantae,
1102 868 1288 921 quantam

172 927 238 953 vos
256 915 297 952 in
315 927 377 952 me
396 927 475 953 esse
493 914 678 961 voluistis,
705 916 795 952 usus
817 913 1061 961 mediocris,
1050 914 1194 965 ingenii
1212 913 1286 951 mi-

172 968 276 1007 nime
294 968 481 1007 voluntati
499 968 611 1020 paris.
641 968 749 1006 Nam
768 967 925 1015 caeteris,
945 980 969 1005 a
990 968 1130 1019 quibus
1148 975 1204 1006 est
1222 967 1288 1005 de-

170 1022 313 1084 sensus,
333 1022 436 1060 hunc
448 1022 583 1061 debere
600 1021 814 1074 plurimum
836 1021 969 1060 video.
959 1035 969 1044 ·
1002 1035 1071 1073 ego
1097 1028 1288 1084 quantum

171 1077 207 1114 ei
225 1076 398 1125 debeam,
419 1076 492 1114 alio
510 1077 592 1114 loco
614 1075 842 1125 [ostendam.
848 1077 865 1127 ]
889 1075 1082 1137 Principio
1094 1075 1287 1124 orationis,

170 1130 243 1168 hoc
261 1143 426 1182 oppono,
445 1143 508 1168 me
528 1130 720 1177 omnibus,
741 1129 809 1181 qui
827 1129 940 1168 amici
957 1128 1100 1168 fuerint
1118 1129 1232 1168 saluti
1250 1135 1288 1166 et

173 1183 351 1235 dignitati
368 1197 479 1232 meae,
501 1184 532 1222 51
548 1184 678 1222 11111105
705 1183 902 1221 referenda
932 1184 1054 1234 gratia
1082 1184 1294 1221 satisfacere

175 1237 381 1288 potuerim,
411 1245 451 1276 at
479 1237 721 1290 praedicanda
739 1245 777 1276 et
793 1237 969 1276 habenda
987 1245 1085 1276 certe
1103 1237 1191 1276 satis
1216 1248 1296 1275 esse

173 1291 378 1330 facturum.

228 1344 330 1392 Quae
346 1344 463 1383 fuerit
479 1344 655 1383 hesterno
678 1344 739 1382 die
769 1344 840 1382 Cn.
863 1344 1040 1395 Pompeii
1068 1343 1232 1395 gravitas
1251 1342 1294 1380 in

177 1397 350 1446 dicendo,
377 1398 538 1447 judices,
564 1411 650 1449 quae
668 1397 844 1446 facultas,
865 1411 952 1448 quae
971 1398 1092 1448 copia,
1113 1410 1190 1435 non
1210 1397 1294 1448 opi-

177 1451 290 1489 nione
308 1451 422 1489 tacita
440 1459 650 1490 vestrorum
674 1451 904 1497 animorum,
925 1451 991 1489 sed
1007 1450 1207 1503 perspicua
1225 1450 1293 1488 ad-

176 1505 390 1554 miratione,
410 1505 590 1543 declarari
608 1505 818 1543 videbatur.
864 1505 978 1542 Nihil
996 1505 1098 1543 enim
1117 1516 1293 1556 unquam

179 1559 322 1605 audivi,
354 1559 458 1610 quod
482 1559 579 1596 mihi
608 1559 655 1597 de
679 1559 767 1608 jure
794 1558 970 1596 subtilius
995 1559 1069 1596 dici
1086 1558 1290 1605 videretur,

178 1613 275 1650 nihil
293 1613 340 1651 de
358 1625 463 1651 more
481 1614 687 1662 majorum,
711 1612 758 1650 de
787 1612 972 1663 exemplis
1002 1613 1165 1660 acutius,
1195 1586 1294 1649 nihil

176 1666 332 1717 peritius
358 1666 405 1705 de
433 1666 649 1713 foederibus,
675 1666 773 1703 nihil
791 1666 993 1704 illustriore
1012 1666 1232 1704 auctoritate
1251 1665 1299 1704 de

175 1721 298 1769 bellis,
317 1720 416 1758 nihil
434 1720 481 1759 de
499 1734 539 1759 re
558 1720 714 1772 publica
731 1720 897 1771 gravius,
925 1720 1022 1758 nihil
1040 1720 1116 1758 de
1104 1733 1187 1771 ipso
1206 1731 1293 1757 mo-

174 1773 329 1836 destius,
349 1774 447 1812 nihil
465 1774 512 1812 de
530 1787 643 1813 03053
662 1781 699 1812 et
717 1773 874 1812 crimine
901 1773 1097 1820 ornatius;
1127 1782 1173 1811 ut
1192 1772 1292 1811 mihi

178 1828 261 1877 jam
281 1841 413 1866 verum
428 1828 600 1866 videatur
618 1827 716 1865 illud
736 1840 827 1875 esse,
843 1827 947 1879 quod
966 1827 1156 1876 nonnulli,
1177 1826 1296 1865 literis

183 1894 226 1920 30
246 1881 379 1920 studiis
398 1881 577 1920 doctrinae
596 1881 727 1930 dediti,
748 1881 857 1932 quasi
876 1881 1060 1933 quiddam
1077 1879 1298 1919 incredibile

180 1934 302 1973 dicere
327 1937 576 1987 putabantur,
604 1948 708 1982 eum,
743 1935 811 1986 qui
840 1947 971 1973 omnes
990 1935 1118 1973 animo
1138 1935 1298 1973 virtutes

183 1989 334 2040 penitus
353 1988 711 2041 comprehendisset,
731 1988 859 2026 omnia
873 2001 993 2040 quam
1010 1989 1190 2027 facillime
1203 1995 1301 2026 1130-

182 2048 274 2080 tare.
304 2042 406 2090 Quae
424 2042 527 2081 enim
554 2042 596 2080 in
621 2043 670 2080 L.
702 2042 836 2081 Crasso
858 2042 996 2094 potuit,
1027 2041 1182 2080 homine
1210 2047 1301 2079 nato

188 2095 239 2133 ad
256 2095 406 2134 dicendi
423 2095 655 2158 singularem
674 2095 883 2148 quamdam
900 2095 1133 2144 facultatem,
1154 2095 1185 2134 si
1202 2095 1302 2133 hanc

188 2161 343 2187 causam
361 2157 502 2200 ageret,
528 2151 651 2200 major
681 2162 761 2188 esse
788 2151 954 2197 ubertas,
974 2150 1147 2198 varietas,
1178 2148 1302 2199 copia,

185 2214 304 2253 quam
337 2202 412 2241 fuit
430 2202 470 2241 in
489 2216 547 2252 eo,
578 2202 645 2255 qui
664 2210 816 2242 tantum
846 2203 972 2254 potuit
1000 2203 1193 2255 impertire
1213 2200 1305 2240 huic
