1509 2397
421 136 486 176 IN
517 135 790 176 PISONEM.
821 135 927 175 CAP.
957 137 1023 174 30.
1230 137 1281 175 59

167 244 439 285 delicatissimis
457 244 628 283 versibus
647 244 882 296 expresserit.
912 244 962 282 In
979 244 1133 296 quibus,
1151 243 1183 282 si
1197 243 1264 295 qui
1252 255 1282 281 5

167 300 272 347 vdit,
290 298 410 350 possit
427 298 549 346 istius,
568 305 770 350 tamquam
787 299 828 336 in
848 299 1014 350 speculo,
1035 298 1155 336 vitam
1179 299 1283 336 intu-

166 353 245 392 eri:
275 366 323 391 ex
342 353 481 404 quibus
499 352 636 400 multa,
657 366 680 391 a
697 353 830 390 multis
849 353 946 391 lecta
971 359 1008 390 et
1027 352 1170 399 audita,
1191 352 1284 390 reci-

163 414 299 456 tarem,
330 407 404 444 nisi
422 419 580 454 vererer,
607 419 656 444 ne
684 406 756 445 hoc
784 407 913 457 ipsum
941 419 1062 458 genus
1090 405 1281 454 orationis,

164 474 241 514 quo
259 472 363 498 nunc
379 468 481 508 utor,
497 461 545 498 ab
560 460 678 510 hujus
695 461 768 498 loci
786 473 892 498 more
911 461 1151 498 abhorreret:
1183 467 1221 497 et
1235 459 1285 497 si-

162 514 249 554 mul
262 513 343 553 ''de
330 527 427 566 ipso,
448 514 515 566 qui
531 514 693 565 scripsit,
708 514 855 552 detrahi
867 515 966 552 nolo.
997 514 1080 562 Qui
1092 513 1124 552 si
1135 514 1282 561 fuisset,

160 568 204 607 in
231 568 418 620 discipulo
439 568 709 629 comparando,
740 568 897 606 meliore
929 566 1097 615 fortuna,
1128 568 1285 606 fortasse

163 623 346 661 austerior
360 630 397 661 et
411 622 561 674 gravior
580 635 657 660 esse
675 623 885 674 potuisset.
917 622 983 660 sed
1007 634 1095 660 eum
1116 634 1224 660 casus
1243 621 1281 658 in

163 676 264 715 hanc
291 675 602 715 consuetudinem
635 676 823 714 scribendi
854 676 1021 724 induxit,
1055 673 1285 727 philosopho

164 731 274 770 valde
302 730 527 791 indignam3
558 730 747 782 siquidem
776 730 1017 781 philosophia
1055 734 1115 772 (ut
1147 730 1284 776 fertur)

163 785 314 824 virtutis
333 784 512 831 continet,
534 791 571 822 et
589 784 716 832 officii,
748 792 785 822 et
803 786 900 822 bene
918 783 1084 832 vivendi,
1117 783 1285 834 discipli-

163 850 253 878 nam
270 854 280 877 :
311 851 429 890 quam
448 839 516 890 qui
534 838 746 890 profitetur,
774 838 1036 889 gravissimam
1056 838 1153 875 mihi
1173 837 1287 875 susti-

161 905 254 932 nere
271 905 469 945 personam
491 892 651 931 videtur.
682 893 758 931 Sed
782 892 883 930 idem
911 905 1018 930 casus
1037 891 1150 930 illum
1176 891 1287 942 igna-

162 960 268 995 rum,
288 947 381 998 quid
400 947 652 998 profiteretur,
674 959 764 985 cum
783 959 822 984 se
840 946 1115 997 philosophum
1130 958 1209 983 esse
1229 945 1287 983 di-

163 1009 277 1049 ceret,
301 1000 410 1039 istius
446 1001 716 1052 impurissimae
745 1008 861 1052 atque
887 999 1287 1052 intemperantissimae

162 1055 318 1108 pecudis
336 1067 440 1094 coeno
459 1063 497 1093 et
514 1055 688 1093 sordibus
706 1055 934 1106 inquinavit.

217 1109 315 1159 Qui,
333 1109 449 1148 modo
468 1121 555 1148 cum
575 1122 634 1147 res
652 1117 775 1160 gestas
797 1109 1015 1147 consulatus
1045 1109 1124 1147 mei
1143 1108 1286 1147 collau-

163 1163 289 1202 dasset
326 1166 431 1216 (quae
462 1163 618 1216 quidem
654 1163 826 1201 laudatio
868 1163 1036 1201 hominis
1074 1162 1287 1214 turpissimi

163 1218 262 1256 mihi
279 1218 353 1269 ipsi
371 1226 450 1256 erat
467 1229 576 1269 paene
594 1218 748 1269 turpis),
771 1218 864 1255 Non
879 1218 961 1255 ulla
972 1217 1057 1265 tibi,
1070 1217 1211 1268 inquit,
1228 1217 1288 1254 in-

163 1272 267 1311 vidia
282 1272 426 1319 nocuit,
447 1272 511 1310 sed
537 1284 665 1310 versus
683 1271 755 1309 tui.
792 1271 924 1309 Nimis
943 1284 1085 1322 magna
1103 1283 1229 1322 poena,
1251 1277 1288 1308 te

163 1326 333 1372 consule,
354 1326 558 1363 constituta
577 1333 645 1373 est,
674 1326 752 1363 sive
769 1326 874 1363 malo
892 1329 1030 1376 poe'tae,
1051 1325 1128 1362 sive
1154 1325 1287 1362 libero.

165 1379 355 1431 Scripsisti
374 1379 491 1426 enim,
523 1382 551 1401 “
568 1379 717 1417 Cedant
739 1392 847 1416 arma
866 1387 976 1430 tcgae.
980 1379 1005 1397 '’
1046 1378 1155 1426 Quid
1174 1377 1288 1416 tum?

166 1433 266 1473 Haee
283 1446 342 1471 rae
360 1433 431 1471 tibi
449 1433 587 1471 fluctus
605 1433 690 1471 illos
708 1432 898 1470 excitavit.
928 1435 987 1470 At
1003 1432 1076 1470 hoc
1094 1444 1290 1484 nusquam

164 1488 301 1540 opinor
311 1487 495 1538 scriptum
509 1487 649 1525 fuisse
638 1500 679 1525 in
698 1486 764 1524 1110
783 1486 920 1537 elogio,
935 1486 1052 1538 quod,
1067 1495 1104 1524 te
1118 1487 1286 1534 consule,

163 1545 207 1583 in
225 1542 398 1593 sepulcro
416 1541 664 1592 reipublicae
653 1541 816 1579 incisum
836 1548 905 1588 est,
937 1544 964 1562 “
982 1539 1135 1587 Velitis,
1152 1541 1289 1590 jubea-

164 1596 229 1644 tis,
250 1603 308 1643 ut,
330 1594 434 1646 quod
448 1595 510 1633 Μ.
525 1594 658 1633 Cicero
671 1607 825 1634 versum
843 1595 1013 1632 fecerit-⁹
985 1623 997 1641 ‚
1017 1594 1123 1633 'sed
1143 1598 1171 1617 “
1185 1593 1290 1646 quod

164 1649 406 1692 vindicarit.''

219 1703 360 1750 XXX.
390 1703 540 1741 Verum
569 1710 714 1752 tamen,
740 1702 925 1754 quoniam
950 1709 988 1741 te
1017 1714 1094 1741 non
1119 1702 1291 1741 Aristar-

164 1759 300 1807 chum,
311 1757 379 1796 sed
393 1757 591 1796 Phalarim
604 1757 900 1808 grammaticum
913 1757 1115 1804 habemus,
1130 1756 1199 1808 qui
1212 1769 1291 1795 non

167 1821 300 1853 notam
317 1824 488 1863 apponas
506 1811 556 1849 ad
573 1812 723 1849 malum
737 1823 942 1860 versum,<
927 1811 992 1849 sed
1009 1812 1163 1862 poetam
1176 1811 1293 1850 armis

168 1879 423 1921 persequareg
453 1865 547 1904 seire
575 1865 703 1917 cupio,
732 1865 828 1917 quid
852 1865 1008 1904 tandem
1027 1865 1099 1903 isto
1118 1865 1159 1902 in
1179 1877 1292 1903 versu

167 1919 435 1974 rqrrehendas,
466 1921 495 1942 “
515 1919 664 1958 Cedant
682 1932 790 1958 arma
808 1920 948 1970 togae.”
986 1919 1087 1957 Tuae
1105 1918 1244 1966 dicis,
1234 1931 1294 1956 m-

166 1977 269 2030 quit,
303 1981 402 2024 wgae
431 1983 631 2012 summum
667 1973 937 2025 imperatorem
970 1986 1049 2011 esse
1080 1985 1291 2012 cessurum.

169 2029 282 2080 Quid
303 2039 408 2066 nunc
426 2036 477 2075 te,
504 2027 623 2075 asine,
653 2028 781 2066 literas
800 2027 985 2066 doceam⁹
1014 2040 1091 2066 non
1114 2040 1212 2078 opus
1238 2034 1294 2065 est

170 2083 310 2129 verbis,
348 2081 415 2120 sed
443 2082 622 2120 fustibus.
664 2082 758 2120 Non
787 2081 870 2120 dixi
906 2081 1007 2120 hanc
1036 2089 1180 2133 togam,
1215 2081 1295 2132 qua

173 2151 262 2178 sum
279 2135 467 2182 amictus3
494 2148 567 2175 nec
583 2148 705 2186 arma,
726 2143 879 2174 scutum
909 2143 946 2174 et
974 2136 1149 2188 gladium
1176 2135 1294 2173 11111115

171 2189 439 2244 imperatorin
468 2189 549 2240 sed,
568 2189 1292 2243 quodpacisaetinsigneetotiiwga;
