1509 2397
254 101 334 143 284
487 100 828 145 PHILIPPICA
856 105 907 145 V.
937 105 1043 145 CAP.
1077 106 1139 145 18.

256 212 490 274 pontificem,
522 221 808 266 propraetorem,
847 220 1058 253 senatorem
1092 226 1187 263 esse,
1225 220 1376 253 senten-

257 266 428 319 tiamque
458 268 542 306 loco
584 268 759 320 praetorio
791 267 939 313 dicere3
984 269 1142 320 ejusque
1173 267 1375 318 rationem,

256 333 539 373 quemcumque
570 322 835 373 magistratum
868 329 986 374 petet,
1012 322 1067 360 ita
1106 321 1252 370 haberi,
1285 335 1375 374 pro-

254 382 300 412 ut
323 375 456 414 haberi
473 376 556 427 lege
569 376 711 425 liceret,
732 376 763 414 si
784 388 885 414 anno
914 376 1104 428 superiore
1121 382 1260 428 praewr
1276 376 1374 415 fuis-

255 435 322 467 set.
327 430 352 447 ”
1296 443 1304 454 ⁴

309 482 419 531 Quid
451 490 506 522 est
535 484 652 532 enim,
683 490 809 535 patres
838 483 1054 535 conscripti,
1085 497 1154 523 cur
1182 497 1272 522 eum
1294 495 1373 522 non

255 549 374 589 quam
405 538 576 588 primum
607 537 860 599 amplissimos
890 537 1050 576 honores
1079 551 1211 590 capere
1243 538 1375 589 cupia-

254 594 376 630 mus?
406 591 576 642 Legibus
589 591 690 629 enim
706 591 907 629 annalibus
922 604 1009 630 cum
1026 591 1266 643 grandiorem
1283 598 1374 631 3113-

253 651 334 683 tem
352 645 401 683 ad
416 646 655 683 consulatum
668 645 961 693 constituebant,
977 645 1237 684 adolescentiae
1251 653 1372 685 teme„

254 698 407 738 ritatem
427 701 665 738 verebantur.
696 699 740 737 C.
763 699 891 738 Caesar
908 699 1065 738 ineunte
1095 706 1205 738 aetate
1229 699 1371 748 docuit,

254 754 304 791 ab
335 753 534 792 excellenti
563 753 782 805 eximiaque
811 753 950 792 virtute
981 767 1225 805 progressum
1252 753 1373 793 aetatis

255 807 463 858 exspectari
481 819 556 845 non
572 815 753 859 oportere.
785 808 847 846 Ita
875 821 923 846 ue
936 809 1100 858 majores
1118 808 1250 857 nostri,
1271 815 1374 847 vete·

254 874 313 899 res
337 861 409 910 illi,
436 861 647 899 admodum
677 862 840 913 antiqui,
884 875 969 913 eges
987 861 1142 900 annales
1160 875 1236 900 non
1255 861 1374 901 habe-

252 916 348 953 bant
363 930 373 952 :
405 929 501 967 quas
519 916 653 954 multis
667 922 753 967 post
772 916 881 954 annis
897 916 1026 954 attulit
1039 916 1212 963 ambitio,
1225 923 1271 954 ut
1284 928 1372 968 gra-

252 968 325 1007 dus
344 976 466 1007 essent
495 970 686 1021 petitionis
704 970 803 1008 inter
821 970 996 1022 aequales.
1027 971 1090 1008 Ita
1115 983 1213 1022 saepe
1230 982 1374 1021 magna

192 1027 194 1029 ’
251 1022 398 1061 indoles
417 1023 580 1070 virtutis,
607 1024 834 1076 priusquam
862 1024 1079 1075 reipublicae
1107 1024 1284 1075 prodesse
1302 1037 1373 1076 po-

252 1077 398 1125 tuisset,
420 1077 605 1116 exstincta
624 1086 689 1116 est.
719 1079 778 1116 At
796 1091 898 1127 vero,
912 1078 1016 1129 apud
1035 1078 1225 1130 antiquos,
1243 1079 1370 1127 Rulli,

254 1130 380 1179 Decii,
403 1130 572 1179 Corvini,
592 1132 784 1183 multique
803 1132 867 1170 alii
883 1145 895 1177 ς
925 1133 1129 1171 recentiore
1146 1139 1276 1171 autem
1289 1145 1372 1171 me-

252 1185 390 1232 moria,
427 1185 595 1236 superior
626 1186 848 1232 Africanus,
875 1186 926 1224 T.
956 1185 1212 1233 Flamininus,
1241 1187 1374 1225 admo-

252 1238 347 1276 dum
367 1238 619 1278 adolescentes
639 1240 810 1278 consules
825 1240 928 1287 facti,
941 1247 1066 1279 tantas
1084 1253 1142 1278 res
1159 1247 1371 1292 gesserunt,

251 1300 297 1330 ut
314 1293 448 1343 populi
467 1294 637 1331 Romani
654 1293 860 1345 imperium
881 1294 1071 1342 auxerint,
1091 1306 1231 1333 nomen
1258 1294 1369 1333 orna-

249 1346 339 1384 rint·
356 1346 492 1394 Quid?
513 1347 678 1385 Macedo
686 1348 923 1395 Alexander,
937 1360 1024 1386 cum
1035 1350 1083 1387 ab
1094 1348 1250 1387 ineunte
1262 1356 1372 1388 aetate

250 1412 309 1438 res
323 1401 513 1438 maximas
527 1414 654 1451 gerere
669 1402 852 1453 coepisset,
869 1414 995 1440 nonne
1009 1402 1120 1440 tertio
1133 1410 1169 1441 et
1181 1403 1370 1442 tricesimo

250 1466 352 1493 anno
384 1464 548 1493 mortem
577 1455 705 1495 obiit?
735 1469 822 1507 quae
851 1463 908 1494 est
937 1462 1026 1494 aetas
1054 1457 1193 1495 nostris
1218 1457 1369 1508 legibus

249 1507 380 1546 decem
399 1509 508 1547 annis
529 1509 670 1570 minor,
691 1522 809 1561 quam
839 1509 1057 1548 consularis.
1086 1510 1152 1549 Ex
1172 1524 1249 1563 quo
1263 1511 1369 1561 judi-

248 1562 326 1600 cari
344 1570 481 1614 potest,
502 1563 653 1602 virtutis
671 1577 750 1602 esse
765 1577 883 1616 quam
901 1564 1022 1603 aetatis
1041 1577 1197 1603 cursum
1215 1565 1369 1604 celerio-

249 1627 344 1654 rem.

302 1670 470 1710 XVIII.
492 1671 614 1719 Nam,
626 1672 765 1723 quod''
741 1685 782 1719 11,
796 1672 864 1723 qui
881 1672 1022 1710 Caesari
1040 1672 1226 1721 invident,
1243 1673 1367 1711 simu-

245 1723 343 1772 lant,
371 1737 409 1762 se
428 1725 576 1773 timere,
608 1738 657 1764 ne
676 1726 884 1764 verendum
903 1726 1060 1778 quidem
1079 1734 1147 1775 est,
1176 1735 1220 1765 ut
1238 1733 1366 1766 tenere

247 1790 287 1815 se
304 1778 436 1829 possit,
456 1786 501 1816 ut
519 1779 720 1826 moderari,
745 1792 807 1829 ne,
833 1780 1043 1819 honoribus
1070 1781 1208 1819 nostris
1227 1781 1362 1830 elatus,

245 1830 561 1883 intemperantius
581 1833 657 1871 suis
675 1834 811 1885 opibus
829 1841 971 1872 utatur.
1001 1834 1064 1872 Ea
1081 1841 1219 1873 natura
1236 1848 1365 1874 rerum

245 1895 317 1933 est,
350 1894 474 1937 patres
504 1888 717 1939 conscripti,
744 1895 801 1937 ut,
833 1888 901 1940 qui
931 1900 1085 1926 sensum
1113 1893 1210 1927 verae
1233 1889 1365 1940 gloriae

244 1940 399 1990 ceperit,
420 1940 564 1992 quique
583 1954 637 1989 se,
663 1943 711 1980 ab
731 1949 878 1989 senatu,
906 1943 955 1980 ab
975 1943 1181 1994 equitibus,
1200 1943 1364 1994 populo-

244 2006 320 2044 que
339 1995 518 2032 Romano
537 1996 726 2042 universo,
748 1995 905 2034 senserit
923 1996 1046 2035 civem
1065 2010 1196 2035 carum
1214 1997 1361 2046 haberi,

244 2047 525 2100 salutaremque
543 2049 775 2101 reipublicae,
800 2050 897 2088 nihil
916 2063 1005 2088 cum
1027 2051 1099 2089 hac
1117 2051 1240 2102 gloria
1258 2063 1362 2089 com-

241 2102 458 2163 parandum
486 2110 606 2154 putet.
649 2103 812 2142 Utinam
842 2104 887 2142 C.
920 2104 1061 2143 Caesari
1097 2104 1228 2156 (patri,
1259 2104 1361 2152 (1100)

241 2155 459 2207 contigisset
475 2157 716 2208 adolescenti,
736 2165 781 2197 ut
799 2164 896 2198 esset
913 2159 1064 2199 senatui
1081 2166 1197 2211 atque
1214 2159 1362 2211 optimo
