<?xml version="1.0" encoding="UTF-8"?>
<!DOCTYPE html PUBLIC "-//W3C//DTD XHTML 1.0 Transitional//EN"
    "http://www.w3.org/TR/xhtml1/DTD/xhtml1-transitional.dtd">
<html xmlns="http://www.w3.org/1999/xhtml" xml:lang="en" lang="en">
 <head>
  <title>
</title>
<meta http-equiv="Content-Type" content="text/html;charset=utf-8" />
  <meta name='ocr-system' content='tesseract 3.04.00' />
  <meta name='ocr-capabilities' content='ocr_page ocr_carea ocr_par ocr_line ocrx_word'/>
</head>
<body>
  <div class='ocr_page' id='page_1' title='image "./operaern08ciceuoft_0101.png"; bbox 0 0 1509 2397; ppageno 0'>
   <div class='ocr_carea' id='block_1_1' title="bbox 377 94 1228 140">
    <p class='ocr_par' dir='ltr' id='par_1_1' title="bbox 377 94 1228 140">
     <span class='ocr_line' id='line_1_1' title="bbox 377 94 1228 140; baseline -0.005 -6"><span class='ocrx_word' id='word_1_1' title='bbox 377 94 492 135; x_wconf 89' lang='lat' dir='ltr'><strong>PRO</strong></span> <span class='ocrx_word' id='word_1_2' title='bbox 522 94 770 135; x_wconf 82' lang='lat' dir='ltr'>MILONE.</span> <span class='ocrx_word' id='word_1_3' title='bbox 801 95 906 134; x_wconf 77' lang='lat' dir='ltr'><strong>CAP.</strong></span> <span class='ocrx_word' id='word_1_4' title='bbox 938 96 975 140; x_wconf 91' lang='lat'><strong>7.</strong></span> <span class='ocrx_word' id='word_1_5' title='bbox 1177 94 1228 138; x_wconf 85' lang='lat'><strong>87</strong></span> 
     </span>
    </p>
   </div>
   <div class='ocr_carea' id='block_1_2' title="bbox 114 199 1255 2259">
    <p class='ocr_par' dir='ltr' id='par_1_2' title="bbox 114 199 1238 1121">
     <span class='ocr_line' id='line_1_2' title="bbox 115 199 1229 255; baseline 0.001 -16"><span class='ocrx_word' id='word_1_6' title='bbox 115 199 231 239; x_wconf 80' lang='lat' dir='ltr'><strong>fuisse</strong></span> <span class='ocrx_word' id='word_1_7' title='bbox 247 215 272 240; x_wconf 90' lang='lat' dir='ltr'><strong>a</strong></span> <span class='ocrx_word' id='word_1_8' title='bbox 287 202 426 240; x_wconf 88' lang='lat' dir='ltr'><strong>nostris</strong></span> <span class='ocrx_word' id='word_1_9' title='bbox 436 203 611 254; x_wconf 85' lang='lat' dir='ltr'><strong>patribus</strong></span> <span class='ocrx_word' id='word_1_10' title='bbox 622 203 850 255; x_wconf 83' lang='lat' dir='ltr'><strong>accepimus,</strong></span> <span class='ocrx_word' id='word_1_11' title='bbox 864 215 953 242; x_wconf 91' lang='lat' dir='ltr'><strong>cum</strong></span> <span class='ocrx_word' id='word_1_12' title='bbox 968 203 1014 241; x_wconf 88' lang='grc' dir='ltr'><strong>Ρ.</strong></span> <span class='ocrx_word' id='word_1_13' title='bbox 1028 201 1229 249; x_wconf 83' lang='lat' dir='ltr'><strong>Africano,</strong></span> 
     </span>
     <span class='ocr_line' id='line_1_3' title="bbox 114 254 1228 318; baseline 0.001 -26"><span class='ocrx_word' id='word_1_14' title='bbox 114 254 221 292; x_wconf 88' lang='lat' dir='ltr'><strong>domi</strong></span> <span class='ocrx_word' id='word_1_15' title='bbox 237 269 316 294; x_wconf 87' lang='lat' dir='ltr'><strong>suae</strong></span> <span class='ocrx_word' id='word_1_16' title='bbox 345 256 566 318; x_wconf 75' lang='lat' dir='ltr'><strong>quiescenti,</strong></span> <span class='ocrx_word' id='word_1_17' title='bbox 591 258 659 295; x_wconf 88' lang='lat' dir='ltr'><strong>illa</strong></span> <span class='ocrx_word' id='word_1_18' title='bbox 682 266 869 296; x_wconf 87' lang='lat' dir='ltr'><strong>nocturna</strong></span> <span class='ocrx_word' id='word_1_19' title='bbox 890 258 946 295; x_wconf 88' lang='lat' dir='ltr'><strong>vis</strong></span> <span class='ocrx_word' id='word_1_20' title='bbox 968 263 1064 295; x_wconf 88' lang='lat' dir='ltr'><strong>esset</strong></span> <span class='ocrx_word' id='word_1_21' title='bbox 1088 256 1220 294; x_wconf 82' lang='lat' dir='ltr'><strong>illata.</strong></span> <span class='ocrx_word' id='word_1_22' title='bbox 1210 258 1228 283; x_wconf 99' lang='grc'><strong>9</strong></span> 
     </span>
     <span class='ocr_line' id='line_1_4' title="bbox 118 308 1229 372; baseline -0.001 -25"><span class='ocrx_word' id='word_1_23' title='bbox 118 308 218 356; x_wconf 89' lang='lat' dir='ltr'><strong>Quis</strong></span> <span class='ocrx_word' id='word_1_24' title='bbox 232 316 317 348; x_wconf 89' lang='lat' dir='ltr'><strong>tum</strong></span> <span class='ocrx_word' id='word_1_25' title='bbox 336 323 414 348; x_wconf 93' lang='lat' dir='ltr'><strong>non</strong></span> <span class='ocrx_word' id='word_1_26' title='bbox 432 311 603 372; x_wconf 80' lang='lat' dir='ltr'>gemuit.</span> <span class='ocrx_word' id='word_1_27' title='bbox 594 314 611 340; x_wconf 93' lang='grc'><strong>9</strong></span> <span class='ocrx_word' id='word_1_28' title='bbox 633 312 718 364; x_wconf 89' lang='lat' dir='ltr'><strong>quis</strong></span> <span class='ocrx_word' id='word_1_29' title='bbox 730 324 806 350; x_wconf 89' lang='lat' dir='ltr'><strong>non</strong></span> <span class='ocrx_word' id='word_1_30' title='bbox 823 312 913 349; x_wconf 84' lang='lat' dir='ltr'>arsit</span> <span class='ocrx_word' id='word_1_31' title='bbox 932 311 1091 349; x_wconf 80' lang='lat' dir='ltr'><strong>dolore?</strong></span> <span class='ocrx_word' id='word_1_32' title='bbox 1113 322 1229 361; x_wconf 90' lang='lat' dir='ltr'><strong>quem</strong></span> 
     </span>
     <span class='ocr_line' id='line_1_5' title="bbox 115 361 1229 424; baseline -0.001 -23"><span class='ocrx_word' id='word_1_33' title='bbox 115 361 387 424; x_wconf 80' lang='lat' dir='ltr'>immortalem,</span> <span class='ocrx_word' id='word_1_34' title='bbox 420 365 452 403; x_wconf 89' lang='grc'><strong>31</strong></span> <span class='ocrx_word' id='word_1_35' title='bbox 480 366 562 403; x_wconf 89' lang='lat' dir='ltr'><strong>fieri</strong></span> <span class='ocrx_word' id='word_1_36' title='bbox 591 374 730 417; x_wconf 85' lang='lat' dir='ltr'><strong>posset,</strong></span> <span class='ocrx_word' id='word_1_37' title='bbox 763 378 895 404; x_wconf 90' lang='lat' dir='ltr'><strong>omnes</strong></span> <span class='ocrx_word' id='word_1_38' title='bbox 927 378 1005 403; x_wconf 87' lang='lat' dir='ltr'><strong>esse</strong></span> <span class='ocrx_word' id='word_1_39' title='bbox 1035 371 1229 414; x_wconf 88' lang='lat' dir='ltr'><strong>cuperent,</strong></span> 
     </span>
     <span class='ocr_line' id='line_1_6' title="bbox 115 417 1230 471; baseline 0.001 -18"><span class='ocrx_word' id='word_1_40' title='bbox 115 417 199 466; x_wconf 82' lang='lat' dir='ltr'><strong>ejus</strong></span> <span class='ocrx_word' id='word_1_41' title='bbox 227 430 277 456; x_wconf 92' lang='lat' dir='ltr'><strong>ne</strong></span> <span class='ocrx_word' id='word_1_42' title='bbox 295 419 541 457; x_wconf 80' lang='lat' dir='ltr'><strong>necessariam</strong></span> <span class='ocrx_word' id='word_1_43' title='bbox 567 420 725 471; x_wconf 90' lang='lat' dir='ltr'><strong>quidem</strong></span> <span class='ocrx_word' id='word_1_44' title='bbox 744 426 1000 471; x_wconf 79' lang='lat' dir='ltr'><strong>exspectatam</strong></span> <span class='ocrx_word' id='word_1_45' title='bbox 1020 431 1098 456; x_wconf 89' lang='lat' dir='ltr'><strong>esse</strong></span> <span class='ocrx_word' id='word_1_46' title='bbox 1126 430 1230 454; x_wconf 88' lang='lat' dir='ltr'><strong>mor-</strong></span> 
     </span>
     <span class='ocr_line' id='line_1_7' title="bbox 115 471 1230 525; baseline -0.002 -15"><span class='ocrx_word' id='word_1_47' title='bbox 115 471 219 509; x_wconf 86' lang='lat' dir='ltr'><strong>tem!</strong></span> <span class='ocrx_word' id='word_1_48' title='bbox 251 473 364 510; x_wconf 91' lang='lat' dir='ltr'><strong>Num</strong></span> <span class='ocrx_word' id='word_1_49' title='bbox 389 473 507 524; x_wconf 85' lang='lat' dir='ltr'><strong>igitur</strong></span> <span class='ocrx_word' id='word_1_50' title='bbox 535 474 617 512; x_wconf 90' lang='lat' dir='ltr'><strong>ulla</strong></span> <span class='ocrx_word' id='word_1_51' title='bbox 645 474 804 525; x_wconf 85' lang='lat' dir='ltr'><strong>quaestio</strong></span> <span class='ocrx_word' id='word_1_52' title='bbox 833 473 880 511; x_wconf 87' lang='lat' dir='ltr'><strong>de</strong></span> <span class='ocrx_word' id='word_1_53' title='bbox 901 472 1079 511; x_wconf 85' lang='lat' dir='ltr'><strong>Africani</strong></span> <span class='ocrx_word' id='word_1_54' title='bbox 1107 478 1230 509; x_wconf 88' lang='lat' dir='ltr'><strong>morte</strong></span> 
     </span>
     <span class='ocr_line' id='line_1_8' title="bbox 115 523 1228 579; baseline 0 -17"><span class='ocrx_word' id='word_1_55' title='bbox 115 523 194 563; x_wconf 84' lang='lat' dir='ltr'><strong>lata</strong></span> <span class='ocrx_word' id='word_1_56' title='bbox 211 534 290 564; x_wconf 88' lang='lat' dir='ltr'><strong>est</strong></span> <span class='ocrx_word' id='word_1_57' title='bbox 279 526 297 548; x_wconf 73' lang='lat'><strong>⁹</strong></span> <span class='ocrx_word' id='word_1_58' title='bbox 327 535 425 565; x_wconf 86' lang='lat' dir='ltr'><strong>certe</strong></span> <span class='ocrx_word' id='word_1_59' title='bbox 443 528 562 566; x_wconf 89' lang='lat' dir='ltr'><strong>nulla.</strong></span> <span class='ocrx_word' id='word_1_60' title='bbox 593 528 702 576; x_wconf 82' lang='lat' dir='ltr'>Quid</span> <span class='ocrx_word' id='word_1_61' title='bbox 720 528 807 566; x_wconf 86' lang='lat' dir='ltr'><strong>ita.</strong></span> <span class='ocrx_word' id='word_1_62' title='bbox 837 528 929 579; x_wconf 84' lang='lat' dir='ltr'><strong>quia</strong></span> <span class='ocrx_word' id='word_1_63' title='bbox 947 539 1025 565; x_wconf 91' lang='lat' dir='ltr'><strong>non</strong></span> <span class='ocrx_word' id='word_1_64' title='bbox 1043 526 1117 564; x_wconf 88' lang='lat' dir='ltr'><strong>alio</strong></span> <span class='ocrx_word' id='word_1_65' title='bbox 1136 525 1228 563; x_wconf 86' lang='lat' dir='ltr'><strong>faci-</strong></span> 
     </span>
     <span class='ocr_line' id='line_1_9' title="bbox 115 578 1232 630; baseline 0 -14"><span class='ocrx_word' id='word_1_66' title='bbox 115 589 208 618; x_wconf 87' lang='lat' dir='ltr'><strong>nore</strong></span> <span class='ocrx_word' id='word_1_67' title='bbox 236 580 327 618; x_wconf 85' lang='lat' dir='ltr'><strong>clari</strong></span> <span class='ocrx_word' id='word_1_68' title='bbox 351 581 538 629; x_wconf 86' lang='lat' dir='ltr'><strong>homines,</strong></span> <span class='ocrx_word' id='word_1_69' title='bbox 565 583 640 620; x_wconf 85' lang='lat' dir='ltr'><strong>alio</strong></span> <span class='ocrx_word' id='word_1_70' title='bbox 661 582 824 630; x_wconf 77' lang='lat' dir='ltr'>obscuri,</span> <span class='ocrx_word' id='word_1_71' title='bbox 849 589 1044 620; x_wconf 83' lang='lat' dir='ltr'><strong>necantur.</strong></span> <span class='ocrx_word' id='word_1_72' title='bbox 1077 578 1232 617; x_wconf 85' lang='lat' dir='ltr'><strong>Intersit</strong></span> 
     </span>
     <span class='ocr_line' id='line_1_10' title="bbox 115 630 1230 687; baseline 0.001 -18"><span class='ocrx_word' id='word_1_73' title='bbox 115 630 215 671; x_wconf 87' lang='lat' dir='ltr'><strong>inter</strong></span> <span class='ocrx_word' id='word_1_74' title='bbox 233 635 320 673; x_wconf 87' lang='lat' dir='ltr'><strong>vitae</strong></span> <span class='ocrx_word' id='word_1_75' title='bbox 338 635 564 686; x_wconf 84' lang='lat' dir='ltr'><strong>dignitatem</strong></span> <span class='ocrx_word' id='word_1_76' title='bbox 583 649 824 675; x_wconf 88' lang='lat' dir='ltr'><strong>summorum</strong></span> <span class='ocrx_word' id='word_1_77' title='bbox 849 644 964 687; x_wconf 87' lang='lat' dir='ltr'><strong>atque</strong></span> <span class='ocrx_word' id='word_1_78' title='bbox 981 635 1230 672; x_wconf 85' lang='lat' dir='ltr'><strong>infimorum:</strong></span> 
     </span>
     <span class='ocr_line' id='line_1_11' title="bbox 115 688 1234 742; baseline 0 -18"><span class='ocrx_word' id='word_1_79' title='bbox 115 698 219 726; x_wconf 88' lang='lat' dir='ltr'><strong>mors</strong></span> <span class='ocrx_word' id='word_1_80' title='bbox 238 689 409 740; x_wconf 85' lang='lat' dir='ltr'><strong>quidem,</strong></span> <span class='ocrx_word' id='word_1_81' title='bbox 422 690 529 728; x_wconf 83' lang='lat' dir='ltr'><strong>illata</strong></span> <span class='ocrx_word' id='word_1_82' title='bbox 542 703 610 742; x_wconf 83' lang='lat' dir='ltr'><strong>per</strong></span> <span class='ocrx_word' id='word_1_83' title='bbox 625 691 760 739; x_wconf 85' lang='lat' dir='ltr'><strong>scelus,</strong></span> <span class='ocrx_word' id='word_1_84' title='bbox 773 690 908 728; x_wconf 88' lang='lat' dir='ltr'><strong>iisdem</strong></span> <span class='ocrx_word' id='word_1_85' title='bbox 923 696 961 727; x_wconf 91' lang='lat' dir='ltr'><strong>et</strong></span> <span class='ocrx_word' id='word_1_86' title='bbox 973 688 1093 740; x_wconf 87' lang='lat' dir='ltr'><strong>poenis</strong></span> <span class='ocrx_word' id='word_1_87' title='bbox 1106 695 1234 725; x_wconf 86' lang='lat' dir='ltr'><strong>tenea-</strong></span> 
     </span>
     <span class='ocr_line' id='line_1_12' title="bbox 116 741 1235 796; baseline 0 -17"><span class='ocrx_word' id='word_1_88' title='bbox 116 747 180 779; x_wconf 85' lang='lat' dir='ltr'><strong>tur</strong></span> <span class='ocrx_word' id='word_1_89' title='bbox 199 749 236 780; x_wconf 89' lang='lat' dir='ltr'><strong>et</strong></span> <span class='ocrx_word' id='word_1_90' title='bbox 253 743 413 794; x_wconf 86' lang='lat' dir='ltr'><strong>legibus.</strong></span> <span class='ocrx_word' id='word_1_91' title='bbox 446 744 535 782; x_wconf 87' lang='lat' dir='ltr'><strong>Nisi</strong></span> <span class='ocrx_word' id='word_1_92' title='bbox 553 744 649 783; x_wconf 87' lang='lat' dir='ltr'><strong>forte</strong></span> <span class='ocrx_word' id='word_1_93' title='bbox 662 745 785 796; x_wconf 73' lang='lat' dir='ltr'><strong>magis</strong></span> <span class='ocrx_word' id='word_1_94' title='bbox 804 745 874 782; x_wconf 88' lang='lat' dir='ltr'><strong>erit</strong></span> <span class='ocrx_word' id='word_1_95' title='bbox 887 743 1088 795; x_wconf 84' lang='lat' dir='ltr'><strong>parricida,</strong></span> <span class='ocrx_word' id='word_1_96' title='bbox 1102 742 1134 780; x_wconf 89' lang='grc'><strong>31</strong></span> <span class='ocrx_word' id='word_1_97' title='bbox 1147 741 1235 793; x_wconf 86' lang='lat' dir='ltr'><strong>quis</strong></span> 
     </span>
     <span class='ocr_line' id='line_1_13' title="bbox 115 796 1235 850; baseline 0 -18"><span class='ocrx_word' id='word_1_98' title='bbox 115 796 353 836; x_wconf 86' lang='lat' dir='ltr'><strong>consularem</strong></span> <span class='ocrx_word' id='word_1_99' title='bbox 380 805 543 850; x_wconf 85' lang='lat' dir='ltr'><strong>patrem,</strong></span> <span class='ocrx_word' id='word_1_100' title='bbox 576 812 694 850; x_wconf 88' lang='lat' dir='ltr'><strong>quam</strong></span> <span class='ocrx_word' id='word_1_101' title='bbox 717 800 750 837; x_wconf 89' lang='lat' dir='ltr'><strong>si</strong></span> <span class='ocrx_word' id='word_1_102' title='bbox 776 798 862 850; x_wconf 87' lang='lat' dir='ltr'><strong>quis</strong></span> <span class='ocrx_word' id='word_1_103' title='bbox 890 797 1094 845; x_wconf 84' lang='lat' dir='ltr'><strong>humilem,</strong></span> <span class='ocrx_word' id='word_1_104' title='bbox 1125 808 1235 833; x_wconf 88' lang='lat' dir='ltr'><strong>neca-</strong></span> 
     </span>
     <span class='ocr_line' id='line_1_14' title="bbox 116 849 1236 902; baseline -0.001 -14.997"><span class='ocrx_word' id='word_1_105' title='bbox 116 849 240 896; x_wconf 77' lang='lat' dir='ltr'><strong>verit3</strong></span> <span class='ocrx_word' id='word_1_106' title='bbox 269 859 337 890; x_wconf 87' lang='lat' dir='ltr'><strong>aut</strong></span> <span class='ocrx_word' id='word_1_107' title='bbox 351 865 394 890; x_wconf 90' lang='lat' dir='ltr'><strong>eo</strong></span> <span class='ocrx_word' id='word_1_108' title='bbox 412 865 516 890; x_wconf 91' lang='lat' dir='ltr'><strong>mors</strong></span> <span class='ocrx_word' id='word_1_109' title='bbox 535 853 695 891; x_wconf 88' lang='lat' dir='ltr'><strong>atrocior</strong></span> <span class='ocrx_word' id='word_1_110' title='bbox 713 853 785 891; x_wconf 90' lang='lat' dir='ltr'><strong>erit</strong></span> <span class='ocrx_word' id='word_1_111' title='bbox 804 853 850 890; x_wconf 91' lang='lat' dir='ltr'><strong>P.</strong></span> <span class='ocrx_word' id='word_1_112' title='bbox 873 851 1012 899; x_wconf 88' lang='lat' dir='ltr'><strong>Clodii,</strong></span> <span class='ocrx_word' id='word_1_113' title='bbox 1030 849 1162 902; x_wconf 92' lang='lat' dir='ltr'><strong>quod</strong></span> <span class='ocrx_word' id='word_1_114' title='bbox 1151 862 1183 887; x_wconf 88' lang='grc'><strong>13</strong></span> <span class='ocrx_word' id='word_1_115' title='bbox 1195 849 1236 886; x_wconf 89' lang='grc'><strong>111</strong></span> 
     </span>
     <span class='ocr_line' id='line_1_15' title="bbox 114 903 1238 956; baseline -0.001 -14.998"><span class='ocrx_word' id='word_1_116' title='bbox 114 904 364 945; x_wconf 88' lang='grc'>1110111111311113</span> <span class='ocrx_word' id='word_1_117' title='bbox 400 908 593 956; x_wconf 86' lang='lat' dir='ltr'><strong>majorum</strong></span> <span class='ocrx_word' id='word_1_118' title='bbox 626 920 783 945; x_wconf 86' lang='lat' dir='ltr'><strong>suorum</strong></span> <span class='ocrx_word' id='word_1_119' title='bbox 812 907 861 945; x_wconf 88' lang='lat' dir='ltr'><strong>sit</strong></span> <span class='ocrx_word' id='word_1_120' title='bbox 892 906 1134 944; x_wconf 83' lang='lat' dir='ltr'><strong>interfectus:</strong></span> <span class='ocrx_word' id='word_1_121' title='bbox 1153 903 1238 941; x_wconf 79' lang='lat' dir='ltr'><strong>.hoc</strong></span> 
     </span>
     <span class='ocr_line' id='line_1_16' title="bbox 118 955 1237 1022; baseline -0.001 -27"><span class='ocrx_word' id='word_1_122' title='bbox 118 958 224 996; x_wconf 85' lang='lat' dir='ltr'><strong>enim</strong></span> <span class='ocrx_word' id='word_1_123' title='bbox 254 972 354 1012; x_wconf 88' lang='lat' dir='ltr'><strong>saepe</strong></span> <span class='ocrx_word' id='word_1_124' title='bbox 383 962 430 999; x_wconf 89' lang='lat' dir='ltr'><strong>ab</strong></span> <span class='ocrx_word' id='word_1_125' title='bbox 462 961 543 999; x_wconf 86' lang='lat' dir='ltr'><strong>istis</strong></span> <span class='ocrx_word' id='word_1_126' title='bbox 573 955 726 1022; x_wconf 78' lang='lat' dir='ltr'><strong>dicitur,</strong></span> <span class='ocrx_word' id='word_1_127' title='bbox 754 961 911 1013; x_wconf 83' lang='lat' dir='ltr'><strong>perinde</strong></span> <span class='ocrx_word' id='word_1_128' title='bbox 944 959 1053 1012; x_wconf 80' lang='lat' dir='ltr'><strong>quasi</strong></span> <span class='ocrx_word' id='word_1_129' title='bbox 1081 958 1237 1009; x_wconf 91' lang='lat' dir='ltr'><strong>Appius</strong></span> 
     </span>
     <span class='ocr_line' id='line_1_17' title="bbox 118 1011 1238 1067; baseline -0.003 -14"><span class='ocrx_word' id='word_1_130' title='bbox 118 1011 189 1053; x_wconf 77' lang='lat' dir='ltr'><strong>ille</strong></span> <span class='ocrx_word' id='word_1_131' title='bbox 201 1012 334 1053; x_wconf 86' lang='lat' dir='ltr'><strong>Caecus</strong></span> <span class='ocrx_word' id='word_1_132' title='bbox 353 1014 457 1053; x_wconf 89' lang='lat' dir='ltr'><strong>viam</strong></span> <span class='ocrx_word' id='word_1_133' title='bbox 474 1015 672 1063; x_wconf 88' lang='lat' dir='ltr'><strong>munierit,</strong></span> <span class='ocrx_word' id='word_1_134' title='bbox 685 1028 762 1054; x_wconf 91' lang='lat' dir='ltr'><strong>non</strong></span> <span class='ocrx_word' id='word_1_135' title='bbox 782 1029 861 1067; x_wconf 86' lang='lat' dir='ltr'><strong>qua</strong></span> <span class='ocrx_word' id='word_1_136' title='bbox 875 1015 1042 1067; x_wconf 88' lang='lat' dir='ltr'><strong>populus</strong></span> <span class='ocrx_word' id='word_1_137' title='bbox 1054 1020 1238 1060; x_wconf 86' lang='lat' dir='ltr'><strong>uteretur,</strong></span> 
     </span>
     <span class='ocr_line' id='line_1_18' title="bbox 120 1066 1021 1121; baseline 0.002 -17"><span class='ocrx_word' id='word_1_138' title='bbox 120 1066 187 1104; x_wconf 88' lang='lat' dir='ltr'><strong>sed</strong></span> <span class='ocrx_word' id='word_1_139' title='bbox 204 1068 296 1106; x_wconf 88' lang='lat' dir='ltr'><strong>ubi&#39;</strong></span> <span class='ocrx_word' id='word_1_140' title='bbox 285 1081 446 1120; x_wconf 70' lang='lat' dir='ltr'><strong>impune</strong></span> <span class='ocrx_word' id='word_1_141' title='bbox 461 1070 520 1108; x_wconf 89' lang='lat' dir='ltr'><strong>sui</strong></span> <span class='ocrx_word' id='word_1_142' title='bbox 538 1070 679 1121; x_wconf 87' lang='lat' dir='ltr'><strong>posteri</strong></span> <span class='ocrx_word' id='word_1_143' title='bbox 695 1070 1021 1108; x_wconf 84' lang='lat' dir='ltr'><strong>latrocinarentur.</strong></span> 
     </span>
    </p>

    <p class='ocr_par' dir='ltr' id='par_1_3' title="bbox 119 1119 1255 2259">
     <span class='ocr_line' id='line_1_19' title="bbox 122 1119 1240 1176; baseline -0.004 -15"><span class='ocrx_word' id='word_1_144' title='bbox 122 1159 124 1161; x_wconf 74' lang='grc'><strong>,</strong></span> <span class='ocrx_word' id='word_1_145' title='bbox 175 1121 359 1174; x_wconf 88' lang='lat' dir='ltr'><strong>Itaque,</strong></span> <span class='ocrx_word' id='word_1_146' title='bbox 348 1136 388 1161; x_wconf 91' lang='grc'><strong>111</strong></span> <span class='ocrx_word' id='word_1_147' title='bbox 415 1123 549 1162; x_wconf 63' lang='lat' dir='ltr'><strong>eadem</strong></span> <span class='ocrx_word' id='word_1_148' title='bbox 577 1124 650 1162; x_wconf 83' lang='lat' dir='ltr'><strong>ista</strong></span> <span class='ocrx_word' id='word_1_149' title='bbox 675 1125 811 1176; x_wconf 77' lang='lat' dir='ltr'><strong>Appia</strong></span> <span class='ocrx_word' id='word_1_150' title='bbox 830 1125 906 1172; x_wconf 82' lang='lat' dir='ltr'><strong>via,</strong></span> <span class='ocrx_word' id='word_1_151' title='bbox 931 1136 1021 1161; x_wconf 90' lang='lat' dir='ltr'><strong>cum</strong></span> <span class='ocrx_word' id='word_1_152' title='bbox 1048 1119 1240 1160; x_wconf 81' lang='lat' dir='ltr'><strong>ornatissi-</strong></span> 
     </span>
     <span class='ocr_line' id='line_1_20' title="bbox 119 1174 1241 1229; baseline -0.004 -13"><span class='ocrx_word' id='word_1_153' title='bbox 119 1186 232 1216; x_wconf 84' lang='lat' dir='ltr'><strong>mum</strong></span> <span class='ocrx_word' id='word_1_154' title='bbox 258 1177 427 1229; x_wconf 89' lang='lat' dir='ltr'><strong>equitem</strong></span> <span class='ocrx_word' id='word_1_155' title='bbox 451 1178 677 1216; x_wconf 85' lang='lat' dir='ltr'><strong>Romanum</strong></span> <span class='ocrx_word' id='word_1_156' title='bbox 701 1179 747 1216; x_wconf 91' lang='lat' dir='ltr'><strong>P.</strong></span> <span class='ocrx_word' id='word_1_157' title='bbox 770 1178 929 1216; x_wconf 81' lang='lat' dir='ltr'><strong>Clodius</strong></span> <span class='ocrx_word' id='word_1_158' title='bbox 955 1177 1016 1215; x_wconf 84' lang='lat' dir='ltr'><strong>M.</strong></span> <span class='ocrx_word' id='word_1_159' title='bbox 1038 1174 1241 1227; x_wconf 89' lang='lat' dir='ltr'><strong>Papirium</strong></span> 
     </span>
     <span class='ocr_line' id='line_1_21' title="bbox 121 1228 1242 1284; baseline -0.002 -17"><span class='ocrx_word' id='word_1_160' title='bbox 121 1229 329 1277; x_wconf 74' lang='lat' dir='ltr'><strong>occidisset,</strong></span> <span class='ocrx_word' id='word_1_161' title='bbox 349 1244 428 1270; x_wconf 92' lang='lat' dir='ltr'><strong>non</strong></span> <span class='ocrx_word' id='word_1_162' title='bbox 445 1232 521 1270; x_wconf 85' lang='lat' dir='ltr'><strong>fuit</strong></span> <span class='ocrx_word' id='word_1_163' title='bbox 546 1232 646 1270; x_wconf 87' lang='lat' dir='ltr'><strong>illud</strong></span> <span class='ocrx_word' id='word_1_164' title='bbox 662 1233 809 1271; x_wconf 86' lang='lat' dir='ltr'><strong>facinus</strong></span> <span class='ocrx_word' id='word_1_165' title='bbox 827 1231 1094 1284; x_wconf 86' lang='lat' dir='ltr'><strong>puniendum:</strong></span> <span class='ocrx_word' id='word_1_166' title='bbox 1125 1228 1242 1266; x_wconf 91' lang='lat' dir='ltr'><strong>homo</strong></span> 
     </span>
     <span class='ocr_line' id='line_1_22' title="bbox 124 1283 1243 1338; baseline -0.001 -18"><span class='ocrx_word' id='word_1_167' title='bbox 124 1283 228 1322; x_wconf 90' lang='lat' dir='ltr'><strong>enim</strong></span> <span class='ocrx_word' id='word_1_168' title='bbox 247 1285 413 1324; x_wconf 84' lang='lat' dir='ltr'><strong>nobilis</strong></span> <span class='ocrx_word' id='word_1_169' title='bbox 402 1299 444 1324; x_wconf 91' lang='lat' dir='ltr'><strong>m</strong></span> <span class='ocrx_word' id='word_1_170' title='bbox 463 1286 540 1325; x_wconf 88' lang='lat' dir='ltr'><strong>suis</strong></span> <span class='ocrx_word' id='word_1_171' title='bbox 558 1287 805 1325; x_wconf 83' lang='lat' dir='ltr'><strong>monimentis</strong></span> <span class='ocrx_word' id='word_1_172' title='bbox 825 1286 993 1338; x_wconf 86' lang='lat' dir='ltr'><strong>equitem</strong></span> <span class='ocrx_word' id='word_1_173' title='bbox 1015 1285 1243 1322; x_wconf 85' lang='lat' dir='ltr'><strong>Romanum</strong></span> 
     </span>
     <span class='ocr_line' id='line_1_23' title="bbox 124 1338 1244 1392; baseline -0.001 -17"><span class='ocrx_word' id='word_1_174' title='bbox 124 1338 338 1377; x_wconf 83' lang='lat' dir='ltr'><strong>occiderat.</strong></span> <span class='ocrx_word' id='word_1_175' title='bbox 370 1352 474 1378; x_wconf 88' lang='lat' dir='ltr'><strong>nunc</strong></span> <span class='ocrx_word' id='word_1_176' title='bbox 485 1340 658 1390; x_wconf 87' lang='lat' dir='ltr'><strong>ejusdem</strong></span> <span class='ocrx_word' id='word_1_177' title='bbox 671 1341 815 1392; x_wconf 87' lang='lat' dir='ltr'><strong>Appiae</strong></span> <span class='ocrx_word' id='word_1_178' title='bbox 833 1352 974 1378; x_wconf 88' lang='lat' dir='ltr'><strong>nomen</strong></span> <span class='ocrx_word' id='word_1_179' title='bbox 993 1345 1156 1390; x_wconf 83' lang='lat' dir='ltr'><strong>quantas</strong></span> <span class='ocrx_word' id='word_1_180' title='bbox 1167 1343 1244 1374; x_wconf 85' lang='lat' dir='ltr'><strong>tra-</strong></span> 
     </span>
     <span class='ocr_line' id='line_1_24' title="bbox 125 1390 1245 1442; baseline -0.004 -11"><span class='ocrx_word' id='word_1_181' title='bbox 125 1392 270 1441; x_wconf 80' lang='lat' dir='ltr'><strong>goedias</strong></span> <span class='ocrx_word' id='word_1_182' title='bbox 289 1394 456 1432; x_wconf 81' lang='lat' dir='ltr'><strong>excitat!</strong></span> <span class='ocrx_word' id='word_1_183' title='bbox 489 1395 604 1442; x_wconf 84' lang='lat' dir='ltr'><strong>Quae,</strong></span> <span class='ocrx_word' id='word_1_184' title='bbox 625 1402 821 1433; x_wconf 88' lang='lat' dir='ltr'><strong>cruentata</strong></span> <span class='ocrx_word' id='word_1_185' title='bbox 841 1402 952 1431; x_wconf 82' lang='lat' dir='ltr'><strong>antea</strong></span> <span class='ocrx_word' id='word_1_186' title='bbox 974 1392 1075 1431; x_wconf 81' lang='lat' dir='ltr'><strong>caede</strong></span> <span class='ocrx_word' id='word_1_187' title='bbox 1096 1390 1245 1428; x_wconf 82' lang='lat' dir='ltr'><strong>honesti</strong></span> 
     </span>
     <span class='ocr_line' id='line_1_25' title="bbox 125 1446 1245 1499; baseline -0.003 -15"><span class='ocrx_word' id='word_1_188' title='bbox 125 1455 242 1499; x_wconf 84' lang='lat' dir='ltr'><strong>atque</strong></span> <span class='ocrx_word' id='word_1_189' title='bbox 263 1447 474 1486; x_wconf 85' lang='lat' dir='ltr'><strong>innocentis</strong></span> <span class='ocrx_word' id='word_1_190' title='bbox 500 1462 555 1486; x_wconf 65' lang='grc'><strong>111</strong></span> <span class='ocrx_word' id='word_1_191' title='bbox 557 1449 585 1496; x_wconf 82' lang='lat' dir='ltr'><strong>i,</strong></span> <span class='ocrx_word' id='word_1_192' title='bbox 606 1449 802 1495; x_wconf 76' lang='lat' dir='ltr'><strong>silebatur,</strong></span> <span class='ocrx_word' id='word_1_193' title='bbox 824 1448 956 1486; x_wconf 85' lang='lat' dir='ltr'><strong>eadem</strong></span> <span class='ocrx_word' id='word_1_194' title='bbox 982 1458 1085 1484; x_wconf 90' lang='lat' dir='ltr'><strong>nunc</strong></span> <span class='ocrx_word' id='word_1_195' title='bbox 1115 1446 1245 1484; x_wconf 91' lang='lat' dir='ltr'><strong>crebro</strong></span> 
     </span>
     <span class='ocr_line' id='line_1_26' title="bbox 126 1498 1247 1554; baseline -0.003 -15"><span class='ocrx_word' id='word_1_196' title='bbox 126 1509 348 1552; x_wconf 85' lang='lat' dir='ltr'><strong>usurpatur,</strong></span> <span class='ocrx_word' id='word_1_197' title='bbox 365 1510 615 1554; x_wconf 87' lang='lat' dir='ltr'><strong>posteaquam</strong></span> <span class='ocrx_word' id='word_1_198' title='bbox 628 1503 785 1541; x_wconf 86' lang='lat' dir='ltr'><strong>latronis</strong></span> <span class='ocrx_word' id='word_1_199' title='bbox 797 1510 833 1540; x_wconf 89' lang='lat' dir='ltr'><strong>et</strong></span> <span class='ocrx_word' id='word_1_200' title='bbox 846 1501 1043 1553; x_wconf 83' lang='lat' dir='ltr'><strong>parricidae</strong></span> <span class='ocrx_word' id='word_1_201' title='bbox 1062 1498 1247 1550; x_wconf 82' lang='lat' dir='ltr'><strong>sanguine</strong></span> 
     </span>
     <span class='ocr_line' id='line_1_27' title="bbox 125 1554 1246 1608; baseline -0.002 -16"><span class='ocrx_word' id='word_1_202' title='bbox 125 1555 278 1593; x_wconf 87' lang='lat' dir='ltr'><strong>imbuta</strong></span> <span class='ocrx_word' id='word_1_203' title='bbox 296 1563 362 1593; x_wconf 85' lang='lat' dir='ltr'><strong>est.</strong></span> <span class='ocrx_word' id='word_1_204' title='bbox 393 1557 469 1595; x_wconf 87' lang='lat' dir='ltr'><strong>Sed</strong></span> <span class='ocrx_word' id='word_1_205' title='bbox 494 1557 590 1608; x_wconf 89' lang='lat' dir='ltr'><strong>quid</strong></span> <span class='ocrx_word' id='word_1_206' title='bbox 614 1570 684 1608; x_wconf 87' lang='lat' dir='ltr'><strong>ego</strong></span> <span class='ocrx_word' id='word_1_207' title='bbox 713 1557 780 1594; x_wconf 89' lang='lat' dir='ltr'><strong>illa</strong></span> <span class='ocrx_word' id='word_1_208' title='bbox 809 1567 1089 1594; x_wconf 85' lang='lat' dir='ltr'><strong>commemoro.</strong></span> <span class='ocrx_word' id='word_1_209' title='bbox 1079 1557 1096 1581; x_wconf 88' lang='grc'><strong>9</strong></span> <span class='ocrx_word' id='word_1_210' title='bbox 1128 1554 1246 1591; x_wconf 87' lang='lat' dir='ltr'><strong>Com-</strong></span> 
     </span>
     <span class='ocr_line' id='line_1_28' title="bbox 125 1606 1244 1662; baseline -0.002 -16"><span class='ocrx_word' id='word_1_211' title='bbox 125 1608 335 1661; x_wconf 86' lang='lat' dir='ltr'><strong>prehensus</strong></span> <span class='ocrx_word' id='word_1_212' title='bbox 360 1620 415 1649; x_wconf 91' lang='lat' dir='ltr'><strong>est</strong></span> <span class='ocrx_word' id='word_1_213' title='bbox 438 1610 479 1648; x_wconf 86' lang='lat' dir='ltr'><strong>in</strong></span> <span class='ocrx_word' id='word_1_214' title='bbox 510 1611 656 1662; x_wconf 86' lang='lat' dir='ltr'><strong>templo</strong></span> <span class='ocrx_word' id='word_1_215' title='bbox 682 1611 848 1649; x_wconf 84' lang='lat' dir='ltr'><strong>Castoris</strong></span> <span class='ocrx_word' id='word_1_216' title='bbox 877 1623 1006 1648; x_wconf 83' lang='lat' dir='ltr'><strong>servus</strong></span> <span class='ocrx_word' id='word_1_217' title='bbox 1037 1609 1083 1646; x_wconf 88' lang='lat' dir='ltr'><strong>P.</strong></span> <span class='ocrx_word' id='word_1_218' title='bbox 1105 1606 1244 1654; x_wconf 84' lang='lat' dir='ltr'><strong>Clodii,</strong></span> 
     </span>
     <span class='ocr_line' id='line_1_29' title="bbox 124 1661 1246 1716; baseline -0.002 -16"><span class='ocrx_word' id='word_1_219' title='bbox 124 1675 244 1715; x_wconf 87' lang='lat' dir='ltr'><strong>quem</strong></span> <span class='ocrx_word' id='word_1_220' title='bbox 262 1663 328 1701; x_wconf 86' lang='lat' dir='ltr'><strong>ille</strong></span> <span class='ocrx_word' id='word_1_221' title='bbox 345 1664 395 1702; x_wconf 88' lang='lat' dir='ltr'><strong>ad</strong></span> <span class='ocrx_word' id='word_1_222' title='bbox 414 1663 487 1703; x_wconf 88' lang='lat' dir='ltr'><strong>Cn.</strong></span> <span class='ocrx_word' id='word_1_223' title='bbox 508 1665 742 1716; x_wconf 85' lang='lat' dir='ltr'><strong>Pompeium</strong></span> <span class='ocrx_word' id='word_1_224' title='bbox 760 1664 1066 1703; x_wconf 74' lang='lat' dir='ltr'><strong>interficiendum</strong></span> <span class='ocrx_word' id='word_1_225' title='bbox 1084 1661 1246 1701; x_wconf 83' lang='grc'>3011033-</span> 
     </span>
     <span class='ocr_line' id='line_1_30' title="bbox 126 1715 1247 1758; baseline -0.002 -3"><span class='ocrx_word' id='word_1_226' title='bbox 126 1724 198 1755; x_wconf 89' lang='lat' dir='ltr'><strong>rat.</strong></span> <span class='ocrx_word' id='word_1_227' title='bbox 226 1717 393 1756; x_wconf 84' lang='lat' dir='ltr'><strong>Extorta</strong></span> <span class='ocrx_word' id='word_1_228' title='bbox 417 1726 472 1757; x_wconf 90' lang='lat' dir='ltr'><strong>est</strong></span> <span class='ocrx_word' id='word_1_229' title='bbox 496 1720 692 1758; x_wconf 86' lang='lat' dir='ltr'><strong>confitenti</strong></span> <span class='ocrx_word' id='word_1_230' title='bbox 720 1719 795 1757; x_wconf 81' lang='lat' dir='ltr'><strong>sica</strong></span> <span class='ocrx_word' id='word_1_231' title='bbox 819 1719 867 1756; x_wconf 91' lang='lat' dir='ltr'><strong>de</strong></span> <span class='ocrx_word' id='word_1_232' title='bbox 891 1718 1081 1756; x_wconf 87' lang='lat' dir='ltr'><strong>manibus.</strong></span> <span class='ocrx_word' id='word_1_233' title='bbox 1111 1715 1247 1754; x_wconf 88' lang='lat' dir='ltr'><strong>Caruit</strong></span> 
     </span>
     <span class='ocr_line' id='line_1_31' title="bbox 126 1764 1247 1825; baseline -0.003 -16"><span class='ocrx_word' id='word_1_234' title='bbox 126 1764 210 1810; x_wconf 82' lang='lat' dir='ltr'><strong>foro</strong></span> <span class='ocrx_word' id='word_1_235' title='bbox 228 1780 359 1823; x_wconf 88' lang='lat' dir='ltr'><strong>postea</strong></span> <span class='ocrx_word' id='word_1_236' title='bbox 377 1773 611 1825; x_wconf 88' lang='lat' dir='ltr'><strong>Pompeius:</strong></span> <span class='ocrx_word' id='word_1_237' title='bbox 644 1773 766 1812; x_wconf 86' lang='lat' dir='ltr'><strong>caruit</strong></span> <span class='ocrx_word' id='word_1_238' title='bbox 788 1781 946 1811; x_wconf 90' lang='lat' dir='ltr'><strong>senatu:</strong></span> <span class='ocrx_word' id='word_1_239' title='bbox 978 1771 1099 1810; x_wconf 87' lang='lat' dir='ltr'><strong>caruit</strong></span> <span class='ocrx_word' id='word_1_240' title='bbox 1117 1769 1247 1822; x_wconf 91' lang='lat' dir='ltr'><strong>publi-</strong></span> 
     </span>
     <span class='ocr_line' id='line_1_32' title="bbox 129 1823 1247 1879; baseline -0.003 -16"><span class='ocrx_word' id='word_1_241' title='bbox 129 1838 200 1864; x_wconf 84' lang='lat' dir='ltr'><strong>co·</strong></span> <span class='ocrx_word' id='word_1_242' title='bbox 227 1827 349 1875; x_wconf 84' lang='lat' dir='ltr'><strong>janua</strong></span> <span class='ocrx_word' id='word_1_243' title='bbox 368 1840 407 1865; x_wconf 92' lang='lat' dir='ltr'><strong>se</strong></span> <span class='ocrx_word' id='word_1_244' title='bbox 425 1840 469 1866; x_wconf 84' lang='lat' dir='ltr'><strong>ac</strong></span> <span class='ocrx_word' id='word_1_245' title='bbox 486 1828 708 1879; x_wconf 83' lang='lat' dir='ltr'><strong>parietibus,</strong></span> <span class='ocrx_word' id='word_1_246' title='bbox 728 1839 806 1865; x_wconf 88' lang='lat' dir='ltr'><strong>non</strong></span> <span class='ocrx_word' id='word_1_247' title='bbox 826 1828 913 1876; x_wconf 87' lang='lat' dir='ltr'><strong>jure</strong></span> <span class='ocrx_word' id='word_1_248' title='bbox 935 1827 1068 1877; x_wconf 84' lang='lat' dir='ltr'><strong>legum</strong></span> <span class='ocrx_word' id='word_1_249' title='bbox 1083 1823 1247 1875; x_wconf 84' lang='lat' dir='ltr'><strong>judicio-</strong></span> 
     </span>
     <span class='ocr_line' id='line_1_33' title="bbox 130 1881 1249 1934; baseline -0.004 -15"><span class='ocrx_word' id='word_1_250' title='bbox 130 1892 309 1931; x_wconf 80' lang='lat' dir='ltr'><strong>rumque,</strong></span> <span class='ocrx_word' id='word_1_251' title='bbox 335 1881 443 1919; x_wconf 82' lang='lat' dir='ltr'><strong>texit.</strong></span> <span class='ocrx_word' id='word_1_252' title='bbox 473 1882 585 1920; x_wconf 88' lang='lat' dir='ltr'><strong>Num</strong></span> <span class='ocrx_word' id='word_1_253' title='bbox 615 1896 703 1934; x_wconf 89' lang='lat' dir='ltr'><strong>quae</strong></span> <span class='ocrx_word' id='word_1_254' title='bbox 732 1881 878 1932; x_wconf 82' lang='lat' dir='ltr'><strong>rogatio</strong></span> <span class='ocrx_word' id='word_1_255' title='bbox 900 1881 1012 1918; x_wconf 84' lang='lat' dir='ltr'><strong>lata?</strong></span> <span class='ocrx_word' id='word_1_256' title='bbox 1042 1892 1139 1917; x_wconf 86' lang='grc'>1111111</span> <span class='ocrx_word' id='word_1_257' title='bbox 1161 1891 1249 1929; x_wconf 90' lang='lat' dir='ltr'><strong>quae</strong></span> 
     </span>
     <span class='ocr_line' id='line_1_34' title="bbox 130 1931 1251 1987; baseline -0.004 -14"><span class='ocrx_word' id='word_1_258' title='bbox 130 1946 230 1977; x_wconf 78' lang='lat' dir='ltr'><strong>nova</strong></span> <span class='ocrx_word' id='word_1_259' title='bbox 254 1935 415 1985; x_wconf 87' lang='lat' dir='ltr'><strong>quaestio</strong></span> <span class='ocrx_word' id='word_1_260' title='bbox 439 1936 588 1974; x_wconf 86' lang='lat' dir='ltr'><strong>decreta</strong></span> <span class='ocrx_word' id='word_1_261' title='bbox 616 1946 694 1975; x_wconf 84' lang='lat' dir='ltr'><strong>est.</strong></span> <span class='ocrx_word' id='word_1_262' title='bbox 685 1939 702 1962; x_wconf 91' lang='grc'><strong>9</strong></span> <span class='ocrx_word' id='word_1_263' title='bbox 731 1935 873 1987; x_wconf 83' lang='lat' dir='ltr'><strong>Atqui,</strong></span> <span class='ocrx_word' id='word_1_264' title='bbox 905 1934 937 1972; x_wconf 90' lang='grc'><strong>31</strong></span> <span class='ocrx_word' id='word_1_265' title='bbox 957 1948 1030 1979; x_wconf 80' lang='lat' dir='ltr'><strong>res,</strong></span> <span class='ocrx_word' id='word_1_266' title='bbox 1060 1934 1093 1971; x_wconf 89' lang='lat' dir='ltr'><strong>si</strong></span> <span class='ocrx_word' id='word_1_267' title='bbox 1119 1932 1191 1980; x_wconf 77' lang='lat' dir='ltr'><strong>vit,</strong></span> <span class='ocrx_word' id='word_1_268' title='bbox 1219 1931 1251 1969; x_wconf 87' lang='grc'><strong>31</strong></span> 
     </span>
     <span class='ocr_line' id='line_1_35' title="bbox 130 1987 1251 2041; baseline -0.001 -16"><span class='ocrx_word' id='word_1_269' title='bbox 130 1993 283 2039; x_wconf 80' lang='lat' dir='ltr'><strong>tempus</strong></span> <span class='ocrx_word' id='word_1_270' title='bbox 302 1989 429 2027; x_wconf 91' lang='lat' dir='ltr'><strong>ullum</strong></span> <span class='ocrx_word' id='word_1_271' title='bbox 454 1990 617 2041; x_wconf 84' lang='lat' dir='ltr'><strong>dignum</strong></span> <span class='ocrx_word' id='word_1_272' title='bbox 635 1990 723 2037; x_wconf 73' lang='lat' dir='ltr'><strong>fuit,</strong></span> <span class='ocrx_word' id='word_1_273' title='bbox 751 1997 850 2028; x_wconf 86' lang='lat' dir='ltr'><strong>certe</strong></span> <span class='ocrx_word' id='word_1_274' title='bbox 870 1989 953 2027; x_wconf 87' lang='lat' dir='ltr'><strong>haec</strong></span> <span class='ocrx_word' id='word_1_275' title='bbox 982 1988 1023 2025; x_wconf 91' lang='lat' dir='ltr'><strong>in</strong></span> <span class='ocrx_word' id='word_1_276' title='bbox 1047 1987 1115 2025; x_wconf 58' lang='lat' dir='ltr'><strong>illa</strong></span> <span class='ocrx_word' id='word_1_277' title='bbox 1134 1998 1251 2025; x_wconf 80' lang='lat' dir='ltr'><strong>causa</strong></span> 
     </span>
     <span class='ocr_line' id='line_1_36' title="bbox 129 2040 1251 2085; baseline -0.002 -5"><span class='ocrx_word' id='word_1_278' title='bbox 129 2054 285 2085; x_wconf 84' lang='lat' dir='ltr'><strong>summa</strong></span> <span class='ocrx_word' id='word_1_279' title='bbox 305 2043 435 2082; x_wconf 82' lang='lat' dir='ltr'><strong>omnia</strong></span> <span class='ocrx_word' id='word_1_280' title='bbox 452 2043 621 2082; x_wconf 81' lang='lat' dir='ltr'><strong>fuerunt.</strong></span> <span class='ocrx_word' id='word_1_281' title='bbox 653 2044 859 2083; x_wconf 85' lang='lat' dir='ltr'><strong>Insidiator</strong></span> <span class='ocrx_word' id='word_1_282' title='bbox 878 2050 957 2082; x_wconf 85' lang='lat' dir='ltr'><strong>erat</strong></span> <span class='ocrx_word' id='word_1_283' title='bbox 974 2042 1016 2080; x_wconf 90' lang='lat' dir='ltr'><strong>in</strong></span> <span class='ocrx_word' id='word_1_284' title='bbox 1034 2042 1116 2079; x_wconf 92' lang='lat' dir='ltr'><strong>foro</strong></span> <span class='ocrx_word' id='word_1_285' title='bbox 1135 2040 1251 2079; x_wconf 87' lang='lat' dir='ltr'><strong>collo-</strong></span> 
     </span>
     <span class='ocr_line' id='line_1_37' title="bbox 130 2096 1252 2150; baseline -0.003 -16"><span class='ocrx_word' id='word_1_286' title='bbox 130 2103 252 2144; x_wconf 83' lang='lat' dir='ltr'><strong>catus,</strong></span> <span class='ocrx_word' id='word_1_287' title='bbox 272 2104 387 2149; x_wconf 74' lang='lat' dir='ltr'><strong>atque</strong></span> <span class='ocrx_word' id='word_1_288' title='bbox 405 2098 446 2136; x_wconf 87' lang='lat' dir='ltr'><strong>in</strong></span> <span class='ocrx_word' id='word_1_289' title='bbox 465 2098 675 2137; x_wconf 88' lang='lat' dir='ltr'><strong>vestibulo</strong></span> <span class='ocrx_word' id='word_1_290' title='bbox 664 2111 747 2150; x_wconf 81' lang='grc' dir='ltr'>1Ρ30</span> <span class='ocrx_word' id='word_1_291' title='bbox 762 2100 938 2137; x_wconf 84' lang='lat' dir='ltr'><strong>senatus:</strong></span> <span class='ocrx_word' id='word_1_292' title='bbox 969 2097 1004 2135; x_wconf 91' lang='lat' dir='ltr'><strong>ei</strong></span> <span class='ocrx_word' id='word_1_293' title='bbox 1022 2096 1102 2135; x_wconf 77' lang='lat' dir='ltr'><strong>viro</strong></span> <span class='ocrx_word' id='word_1_294' title='bbox 1121 2103 1252 2133; x_wconf 87' lang='lat' dir='ltr'><strong>autem</strong></span> 
     </span>
     <span class='ocr_line' id='line_1_38' title="bbox 133 2148 1253 2203; baseline -0.002 -15"><span class='ocrx_word' id='word_1_295' title='bbox 133 2161 236 2194; x_wconf 81' lang='lat' dir='ltr'><strong>mors</strong></span> <span class='ocrx_word' id='word_1_296' title='bbox 253 2153 474 2202; x_wconf 86' lang='lat' dir='ltr'><strong>parabatur,</strong></span> <span class='ocrx_word' id='word_1_297' title='bbox 494 2154 604 2203; x_wconf 89' lang='lat' dir='ltr'><strong>cujus</strong></span> <span class='ocrx_word' id='word_1_298' title='bbox 622 2153 662 2191; x_wconf 90' lang='lat' dir='ltr'><strong>in</strong></span> <span class='ocrx_word' id='word_1_299' title='bbox 688 2152 768 2191; x_wconf 81' lang='lat' dir='ltr'><strong>vita</strong></span> <span class='ocrx_word' id='word_1_300' title='bbox 784 2152 977 2190; x_wconf 87' lang='lat' dir='ltr'><strong>nitebatur</strong></span> <span class='ocrx_word' id='word_1_301' title='bbox 1002 2150 1104 2189; x_wconf 90' lang='lat' dir='ltr'><strong>salus</strong></span> <span class='ocrx_word' id='word_1_302' title='bbox 1123 2148 1253 2187; x_wconf 87' lang='lat' dir='ltr'><strong>civita-</strong></span> 
     </span>
     <span class='ocr_line' id='line_1_39' title="bbox 134 2202 1255 2259; baseline -0.003 -16"><span class='ocrx_word' id='word_1_303' title='bbox 134 2202 212 2251; x_wconf 85' lang='lat' dir='ltr'><strong>tis;</strong></span> <span class='ocrx_word' id='word_1_304' title='bbox 242 2217 286 2243; x_wconf 86' lang='lat' dir='ltr'><strong>eo</strong></span> <span class='ocrx_word' id='word_1_305' title='bbox 312 2218 425 2257; x_wconf 90' lang='lat' dir='ltr'><strong>porro</strong></span> <span class='ocrx_word' id='word_1_306' title='bbox 454 2206 673 2259; x_wconf 85' lang='lat' dir='ltr'><strong>reipublicae</strong></span> <span class='ocrx_word' id='word_1_307' title='bbox 696 2213 883 2258; x_wconf 77' lang='lat' dir='ltr'><strong>tempore,</strong></span> <span class='ocrx_word' id='word_1_308' title='bbox 903 2217 995 2257; x_wconf 85' lang='lat' dir='ltr'><strong>quo,</strong></span> <span class='ocrx_word' id='word_1_309' title='bbox 1022 2204 1054 2244; x_wconf 90' lang='grc'><strong>31</strong></span> <span class='ocrx_word' id='word_1_310' title='bbox 1071 2216 1172 2242; x_wconf 85' lang='grc'>1111113</span> <span class='ocrx_word' id='word_1_311' title='bbox 1189 2202 1255 2240; x_wconf 87' lang='grc'>1113</span> 
     </span>
    </p>
   </div>
  </div>
 </body>
</html>
