1509 2397
402 46 744 86 PHILIPPICA
774 48 832 87 Π.
865 47 971 87 CAP.
1000 50 1063 94 27.
1214 51 1288 88 221

167 152 289 191 scelus
307 153 482 193 sectionis
499 155 655 194 auderet
680 155 868 202 accedere,
889 155 1066 195 inventus
1085 166 1140 195 est
1158 169 1286 204 nemo,

164 214 301 257 praeter
326 208 561 256 Antonium,
581 209 792 260 praesertim
811 222 900 247 cum
926 217 982 247 tot
1000 218 1122 248 essent
1141 211 1284 250 circum

162 261 310 298 hastam
330 261 452 322 illam,
467 263 534 314 qui
553 264 628 301 3113
646 263 775 301 01111113
794 263 987 301 auderent.
1018 265 1159 302 Unus
1149 278 1214 303 inv
1217 279 1283 304 en-

163 321 225 351 tus
243 321 312 361 est,
333 315 401 366 qui
417 316 460 354 id
478 317 647 365 auderet,
667 317 771 369 quod
795 318 972 355 omnium
990 317 1149 369 fugisset
1168 327 1206 356 et
1224 333 1282 358 re-

163 367 403 408 formidasset
420 371 590 409 audacia.

216 421 369 461 Tantus
386 423 504 475 igitur
532 433 569 463 te
598 432 743 486 stupor
752 425 953 476 oppressit
980 425 1039 463 vel
1065 428 1125 469 (ut
1154 426 1281 470 verius

161 474 306 523 dicam)
327 483 456 517 tantus
474 479 594 527 furor,
613 486 672 527 ut,
686 478 873 529 primum,
886 492 977 517 cum
997 487 1115 517 sector
1141 480 1189 518 sis
1207 480 1280 519 isto

161 529 243 569 loco
257 537 386 579 natuS,
406 532 543 571 deinde
562 546 651 571 cum
671 533 848 584 Pompeii
866 540 1000 580 sector,
1021 545 1098 571 non
1118 541 1155 572 te
1175 547 1281 572 exse-

163 584 349 623 orandum
375 561 523 637 ⁷populo
559 587 751 634 Romano,
787 599 864 625 non
897 587 1172 649 detestabilem,
1203 600 1280 626 non

162 649 295 676 omnes
322 639 393 677 tibi
420 640 540 689 Deos,
563 653 695 678 omnes
721 641 908 686 homines,
930 648 968 678 et
986 654 1065 679 esse
1092 641 1280 689 inimicos,

159 698 197 728 et
213 690 363 731 futuros
392 694 508 733 scias.
499 697 517 723 ‘³
545 696 605 732 At
623 708 743 746 quam
769 695 974 733 insolenter
999 695 1129 733 statim
1147 696 1278 733 helluo

159 743 299 784 invasit
323 746 361 784 in
384 749 466 797 ejus
486 748 557 786 viri
575 748 761 795 fortunas,
791 750 900 798 cujus
919 748 1058 787 virtute
1077 749 1279 787 terribilis-r

160 807 240 843 erat
257 801 424 852 populus
455 802 657 841 Romanus
675 802 813 841 exteris
838 803 1029 854 gentibUS,
1047 803 1198 852 justitia
1217 816 1279 842 ca-

158 851 261 891 rior!

212 907 400 946 XXVII.
431 909 480 947 In
509 910 591 959 ejus
613 909 732 960 igitur
756 909 881 961 copias
900 923 986 949 cum
1015 923 1053 949 sc
1073 911 1229 949 subito
1217 924 1278 950 111-

156 961 437 1012 gurgitavisset,
467 965 684 1003 exsultabat
708 965 864 1015 gaudio,
885 977 1045 1015 persona
1072 965 1119 1003 de
1137 965 1275 1014 mimo,

156 1015 273 1053 modo
292 1029 419 1066 egens,
439 1026 593 1069 repente
607 1018 671 1056 div
673 1031 724 1056 es.
755 1019 845 1065 Sed,
861 1026 906 1056 ut
925 1025 980 1056 est
997 1019 1102 1070 apud
1119 1023 1275 1070 poetam

157 1069 283 1107 1105010
308 1084 440 1121 quem,
471 1075 498 1094 ‘⁶
514 1073 615 1111 male
633 1080 743 1123 parta
768 1046 868 1110 111310
901 1072 1136 1111 dilabuntur.
1141 1073 1167 1090 '⁹
1208 1074 1277 1111 In-

156 1122 348 1172 credibile,
376 1138 420 1163 ac
448 1125 572 1164 simile
595 1127 761 1178 portenti
783 1135 853 1174 est,
881 1139 1050 1177 quonam
1075 1127 1191 1165 modo
1210 1127 1278 1165 1113

155 1182 237 1214 tam
270 1178 408 1227 multa,
439 1193 558 1231 quam
582 1180 727 1231 paucis,
758 1193 835 1218 non
867 1180 950 1218 dico
972 1181 1181 1228 mensibus,
1212 1181 1278 1219 sed

159 1230 307 1279 diebus,
328 1232 516 1271 effuderit.
544 1234 750 1273 Maximus
780 1234 860 1272 vini
882 1246 945 1271 nu
939 1247 1065 1272 nerus
1083 1234 1172 1282 fuit,
1192 1248 1279 1285 per-

158 1296 347 1335 magnum
383 1287 520 1338 optimi
555 1287 706 1339 pondus
745 1287 907 1338 argenti,
948 1288 1111 1338 pretiosa
1146 1288 1276 1336 vestis,

157 1340 283 1377 multa
308 1346 346 1378 et
376 1341 484 1379 lauta
506 1342 693 1393 supellex,
721 1350 758 1380 et
784 1341 988 1392 magnifica
1012 1341 1146 1380 multis
1170 1341 1276 1390 locis,

159 1404 237 1430 non
255 1393 323 1431 illa
341 1394 497 1444 quidem
514 1395 703 1434 luxuriosi
720 1396 901 1442 hominis,
922 1396 988 1433 sed
1006 1403 1136 1434 tamen
1154 1398 1278 1435 abun-

155 1446 295 1486 dantis.
326 1448 496 1497 Horum,
517 1449 647 1500 paucis
666 1449 814 1497 diebus,
834 1449 932 1487 nihil
951 1457 1041 1487 erat.

212 1500 315 1549 Quae
352 1502 567 1554 Charybdis
603 1511 684 1542 tam
717 1516 834 1542 vorax
850 1506 868 1542 ⁶?
899 1503 1122 1555 Charybdin
1159 1503 1243 1542 dico
1257 1506 1276 1543 Ρ

155 1568 260 1606 quae,
287 1555 319 1593 si
340 1555 428 1602 fuit,
454 1557 530 1596 fuit
557 1557 702 1595 animal
726 1570 878 1595 unum:
909 1557 1089 1596 Oceanus
1110 1558 1278 1600 (medius

158 1609 290 1657 fidius)
310 1610 376 1648 vix
390 1585 540 1649 videtur
551 1619 607 1649 tot
624 1625 697 1659 res,
713 1619 795 1649 tam
813 1611 1026 1662 dissipatas,
1040 1618 1120 1649 tam
1133 1611 1278 1649 distan-

157 1663 262 1701 tibus
291 1665 332 1702 in
361 1664 455 1704 locis
483 1665 638 1716 positas,
669 1674 749 1703 tam
775 1665 850 1703 cito
875 1666 1073 1703 absorbere
1095 1666 1276 1716 potuisse.

159 1718 274 1755 Nihil
301 1726 382 1756 erat
409 1719 598 1767 clausum,
624 1719 723 1757 nihil
738 1719 1011 1780 obsignatum,
1038 1719 1136 1757 nihil
1162 1719 1279 1771 scrip-

158 1778 257 1810 tum.
286 1773 500 1824 Apothecae
521 1780 610 1811 totae
631 1773 874 1824 nequissimis
897 1773 1118 1812 hominibus
1138 1774 1278 1812 condo-

160 1828 352 1866 nabantur
369 1841 379 1865 :
410 1827 608 1865 aliamimi
624 1827 838 1879 rapiebant,
859 1827 934 1865 alia
952 1827 1107 1865 mimae:
1138 1827 1278 1865 domus

158 1887 238 1918 erat
256 1881 486 1920 aleatoribus
507 1881 658 1928 referta,
685 1882 801 1932 plena
828 1881 1046 1920 ebriorum:
1077 1888 1175 1919 totos
1198 1881 1279 1919 dies

159 1935 377 1985 potabatur,
409 1942 525 1988 atque
553 1935 594 1974 id
620 1935 713 1974 locis
742 1935 945 1987 pluribus:
977 1937 1280 1985 suggerebantur

159 1988 275 2026 etiam
294 2002 394 2041 saepe
409 1992 504 2033 (non
519 1989 623 2028 enim
638 2002 788 2041 semper
805 1989 886 2041 ipse
899 1989 1009 2035 felix)
1025 1989 1168 2026 damna
1178 1989 1279 2027 alea-

158 2041 279 2080 toria:
310 2043 557 2094 conchyliatis
584 2044 657 2083 Cn.
687 2043 863 2095 Pompeii
887 2042 1175 2094 peristromatis,
1202 2055 1280 2081 ser-

155 2108 293 2134 vorum
310 2096 351 2134 in
377 2097 495 2146 001115,
521 2099 638 2138 lectos
664 2105 800 2137 stratos
825 2097 984 2135 videres.
1014 2096 1278 2144 Quamobrem

157 2148 317 2190 desinite
348 2152 494 2201 mirari,
525 2153 608 2192 haec
641 2160 721 2191 tam
755 2151 923 2191 celeriter
955 2164 1034 2189 esse
1069 2158 1280 2190 consumta.

944 2217 972 2243 u
995 2206 1020 2242 3
