1509 2397
363 115 478 156 PRO
507 113 828 155 DEIOTARO.
860 114 965 154 CM».
999 116 1061 153 13.
1194 116 1269 160 ΓΠ

142 229 233 260 ¹tem
264 223 412 275 aliquid
441 232 511 273 est,
547 230 585 262 te
616 231 661 262 ut
693 224 807 275 plane
844 222 1027 261 Deiotaro
1057 223 1273 262 reconciliet

149 275 272 315 oratio
290 290 388 316 mea.
418 279 512 317 Non
532 277 635 316 enim
651 279 733 328 jam
752 286 898 325 metuo,
915 289 963 315 ne
982 285 1025 315 tu
1043 277 1102 314 illi
1120 289 1275 316 succen-

149 342 260 368 seas:
292 331 391 370 illud
409 345 552 380 vereor,
583 344 632 369 ne
659 333 730 370 tibi
755 332 869 370 illum
891 343 1107 369 succensere
1127 331 1275 383 aliquid

151 385 343 435 suspicere
358 401 368 424 :
395 387 499 438 quod
513 388 619 425 abest
632 386 866 437 longissime,
882 385 979 423 mihi
994 385 1116 432 crede,
1133 385 1272 423 Caesar.

155 437 266 485 Quid
284 440 387 478 enim
407 441 566 479 retineat
590 453 658 492 per
677 449 727 488 te,
749 439 940 487 meminit,
968 451 1046 477 non
1066 439 1160 490 quid
1179 439 1276 477 ami-

153 492 269 531 serit:
300 506 424 546 neque
443 508 483 533 se
502 508 524 533 a
544 502 580 533 te
598 495 809 532 multatum
830 493 1034 532 arbitratur
1050 507 1062 539 3
1093 493 1172 541 sed,
1187 506 1277 531 cum

154 546 404 597 existimaret,
434 549 568 587 multis
593 549 664 587 tibi
686 549 811 586 multa
836 561 914 586 esse
942 547 1158 594 tribuenda,
1181 560 1278 599 quo-

153 600 284 640 minus
302 616 325 640 a
344 615 397 651 se,
425 603 494 655 qui
523 603 564 641 in
588 603 706 642 altera
730 612 837 654 parte
857 602 1002 650 fuisset,
1030 615 1073 639 ea
1092 614 1277 650 sumeres,

152 666 231 693 non
261 657 457 695 recusavit.
489 657 661 705 Etenim,
692 657 725 695 si
751 656 969 695 Antiochus
1001 656 1175 706 Magnus
1196 655 1276 705 ille,

154 722 223 747 rex
253 711 375 759 Asiae,
405 725 508 759 cum,
532 719 663 763 postea
688 724 804 763 quam
833 724 856 748 a
885 710 1061 762 Scipione
1091 710 1277 759 devictus,

156 762 291 802 Tauro
320 773 431 804 tenus
454 779 612 818 regnare
633 767 762 815 jussus
792 772 899 813 esset,
921 777 1154 816 omnemque
1179 764 1280 802 hanc

154 817 309 867 Asiam,
340 833 427 871 quae
454 829 512 858 est
541 832 645 858 nunc
673 827 802 858 nostra
830 819 1038 870 provincia,
1078 819 1279 867 amisisset,

156 871 280 911 dicere
310 880 364 911 est
397 874 544 922 solitus,
570 874 747 925 Benigne
778 874 850 912 sibi
876 887 899 911 a
925 873 1069 925 populo
1100 873 1282 911 Romano

153 938 235 965 esse
252 927 414 975 factum,
435 928 553 980 quod,
581 928 697 966 nimis
727 928 871 980 magna
894 926 1160 979 procuratione
1184 927 1282 966 libe-

153 987 277 1029 ratus,
298 981 456 1020 modicis
476 982 584 1033 regni
603 982 775 1021 terminis
795 982 990 1028 uteretu13
1021 988 1145 1033 potest
1155 982 1282 1020 multo

150 1033 307 1074 facilius
340 1049 378 1074 se
410 1036 615 1075 Deiotarus
646 1036 843 1076 consolari.
888 1036 962 1074 Ille
1001 1036 1104 1074 enim
1141 1035 1282 1074 furoris

153 1090 324 1128 multam
344 1090 589 1138 sustinuerat,
606 1091 669 1130 hic
680 1091 826 1129 erroris.
856 1090 1004 1129 Omnia
1022 1097 1065 1127 tu
1081 1089 1280 1139 Deiotaro,

155 1142 300 1193 Caesar,
321 1144 501 1192 tribuisti,
533 1158 623 1184 cum
650 1153 687 1184 et
706 1145 780 1197 ipsi
805 1153 842 1184 et
864 1144 944 1182 filio
969 1156 1111 1182 nomen
1129 1144 1282 1196 regium

155 1198 382 1237 concessisti.
414 1199 502 1237 Hoc
531 1199 686 1237 nomine
713 1206 860 1237 retento
893 1206 1010 1250 atque
1046 1206 1281 1248 conservato,

148 1252 313 1290 nullum
326 1253 555 1291 beneficium
570 1253 704 1304 populi
724 1252 907 1299 Romani,
924 1253 1077 1290 nullum
1089 1252 1283 1302 judicium

157 1305 206 1344 de
225 1319 265 1344 se
285 1311 450 1354 senatus,
476 1307 732 1344 imminutum
761 1313 884 1358 putat.
915 1306 1067 1356 Magno
1095 1306 1225 1344 animo
1244 1314 1283 1346 et

157 1368 280 1398 erecto
300 1368 381 1405 est3
415 1373 485 1399 nec
502 1373 678 1412 unquam
697 1362 917 1398 succumbet
935 1359 1114 1410 inimicis,
1138 1372 1187 1399 ne
1205 1360 1284 1399 for-

157 1421 263 1452 tunae
283 1415 452 1466 quidem.

213 1469 347 1507 Multa
365 1482 404 1507 se
422 1469 628 1507 arbitratur
648 1476 685 1508 et
713 1468 902 1521 peperisse
921 1468 1132 1517 antefactis,
1159 1476 1196 1508 et
1213 1469 1283 1508 ha-

159 1524 250 1562 bere
268 1523 308 1560 in
328 1523 458 1562 animo
482 1531 598 1575 atque
617 1524 771 1572 virtute,
799 1537 887 1575 quae
905 1523 1013 1561 nullo
1033 1523 1148 1561 modo
1165 1524 1285 1576 possit

158 1577 345 1616 amittere.
370 1577 473 1625 Quae
487 1579 591 1616 enim
610 1578 778 1622 fortuna,
791 1586 860 1616 aut
877 1577 964 1629 quis
976 1589 1097 1626 casus,
1112 1585 1179 1616 aut
1197 1591 1286 1630 quae

158 1638 267 1679 tanta
278 1631 395 1683 possit
406 1632 560 1682 injuria,
570 1632 747 1671 onmium
761 1632 1036 1683 imperatorum
1049 1632 1095 1669 de
1102 1631 1286 1678 Deiotaro

160 1685 310 1724 decreta
332 1685 491 1725 delere-,⁹
521 1686 589 1724 Ab
615 1687 795 1724 omnibus
818 1687 921 1723 enim
948 1685 1008 1723 his
1030 1694 1186 1724 ornatus
1213 1695 1284 1736 est,

160 1739 244 1791 qui,
264 1746 472 1792 postquam
495 1741 535 1778 in
566 1741 695 1779 castris
715 1753 794 1779 esse
821 1740 946 1791 potuit
964 1753 1032 1791 per
1057 1747 1223 1789 aetatem,
1244 1741 1286 1779 in

162 1792 274 1842 Asia,
303 1794 561 1846 Cappadocia,
588 1795 727 1843 Ponto,
753 1794 903 1841 Cilicia,
929 1795 1055 1845 Syria,
1079 1794 1180 1833 bella
1201 1808 1286 1846 ges-

159 1855 306 1886 serunt.
337 1850 498 1887 Senatus
517 1862 605 1887 vero
621 1849 766 1898 judicia
780 1848 826 1886 de
845 1849 912 1886 illo
931 1856 1012 1886 tam
1031 1848 1169 1897 multa,
1186 1856 1286 1887 tam-

163 1915 240 1954 que
258 1902 481 1951 honorifica,
503 1917 591 1955 quae
615 1903 780 1955 publicis
803 1903 939 1954 populi
968 1902 1139 1940 Romani
1167 1902 1286 1941 literis

161 1956 488 2009 monimentisque
502 1957 722 2008 consignata
741 1965 843 2005 sunt,
861 1970 948 2008 quae
966 1969 1141 2008 unquam
1160 1965 1287 1995 vetus-

162 2017 221 2048 tas
239 2013 389 2059 obruet,
410 2019 478 2049 aut
508 2025 595 2063 quae
614 2019 721 2049 tanta
745 2011 887 2049 delebit
910 2010 1082 2049 oblivio?
1113 2010 1222 2058 Quid
1240 2011 1289 2050 de

162 2064 304 2103 virtute
337 2066 418 2115 ejus
448 2065 605 2103 dicam?
645 2065 740 2117 quid
770 2065 818 2104 de
847 2064 1114 2116 magnitudine
1149 2065 1286 2114 animi,

164 2118 364 2170 gravitate,
395 2120 639 2158 constantia?
669 2133 757 2172 quae
788 2132 921 2158 omnes
952 2118 1053 2156 docti
1081 2127 1197 2171 atque
1226 2132 1288 2158 sa-

165 2173 312 2222 pientes
332 2185 498 2222 summa,
525 2174 684 2226 quidam
710 2174 826 2212 etiam
850 2173 942 2220 sola,
962 2174 1064 2211 bona
1083 2186 1161 2212 esse
1178 2173 1287 2212 dixe-

163 2233 285 2272 runt3
313 2227 464 2280 hisque,
485 2240 562 2267 non
582 2228 696 2271 modo
708 2228 757 2266 ad
776 2229 885 2277 bene,
903 2226 969 2265 sed
983 2227 1098 2266 etiam
1118 2227 1287 2267 adbeate
