1509 2397
367 69 709 109 PHILIPPICA
729 70 781 110 V.
812 70 919 109 CAP.
943 71 1005 109 ll.
1161 72 1242 115 ⁴277

113 177 237 217 sociiS.
266 177 377 226 Quid
396 178 522 217 simile
546 178 735 218 tandem?
766 179 851 217 Nos
882 179 932 217 ad
964 180 1087 218 civem
1114 180 1246 218 mitte-

113 244 218 280 mus,
234 244 284 270 ne
301 233 573 284 imperatorem
591 233 728 284 populi
742 234 929 281 Romani,
950 246 998 272 ne
1017 234 1243 280 exercitum,

111 298 161 324 ne
190 286 395 334 coloniam,
423 286 712 334 circumsedeat,
740 300 789 326 ne
814 296 1026 339 oppugnet..
1056 301 1106 326 ne
1135 300 1245 339 agros

110 339 379 392 depopuletur,
415 353 464 379 ne
495 341 542 380 sit
569 341 690 380 hostis
704 344 722 380 ?
756 342 857 393 Age,
893 341 924 379 si
955 342 1137 393 paruerit,
1171 342 1244 381 hoc

112 393 194 432 cive
213 395 271 432 uti
290 404 357 433 aut
375 396 556 434 volumus
575 408 642 434 aut
663 396 898 448 possumus?

166 448 246 487 XI.
276 450 387 488 Ante
406 449 509 488 diem
528 450 644 488 XIII
665 450 856 488 Calendas
875 450 904 488 J
907 450 1097 498 anuarias,
1118 450 1246 489 decre-

108 502 157 543 tis
176 504 306 542 vestris
322 517 412 542 eum
427 504 666 542 concidistis:
689 505 950 552 constituistis,
965 512 1009 542 ut
1020 505 1102 543 haec
1115 504 1164 542 ad
1178 518 1245 543 vos

111 556 292 596 Calendis
311 559 340 596 J
342 558 511 596 anuariis
546 558 791 606 referrentur,
824 572 911 610 quae
934 559 1065 596 referri
1093 559 1242 606 videtis,

111 611 161 650 de
188 611 399 651 honoribus
428 621 465 651 et
493 613 662 664 praemiis
679 615 777 651 bene
796 613 843 651 de
861 613 1059 663 republica
1087 614 1244 651 merito-

112 679 202 704 rum
234 673 272 704 et
301 667 559 705 merentium:
591 680 758 718 quorum
796 667 1010 718 principem
1044 667 1244 717 judicastis

112 733 218 767 eum,
240 720 308 772 qui
321 720 411 767 fuit,
433 721 478 759 C.
494 720 701 769 Caesarem,
722 721 791 773 qui
810 721 872 759 M.
889 721 1056 760 Antonii
1074 722 1243 773 impetus

109 774 273 815 nefarios
293 776 342 813 ab
361 775 470 814 Urbe
489 775 530 812 in
551 775 722 813 Galliam
742 776 879 814 avertit
896 790 906 813 :
938 775 1075 814 deinde
1100 776 1243 814 milites

109 836 322 876 veteranOS,
341 829 410 880 qui
428 829 545 881 primi
564 829 756 868 Caesarem
777 830 896 867 secuti
915 839 1031 876 sunt3
1052 838 1138 868 tum
1156 830 1244 868 illas

109 883 275 922 coelffitffi
293 883 520 935 divinasque
537 883 721 935 legiones,
757 883 946 922 Martiam
980 892 1017 922 et
1047 892 1241 936 quartam,

111 937 266 989 quibus,
293 950 383 975 cum
403 938 600 976 consulem
620 951 735 976 suurn
754 951 832 977 non
851 938 966 977 modo
985 939 1242 991 reliquissent,

110 991 176 1033 sed
202 992 304 1030 bello
326 991 443 1030 etiam
473 1001 803 1044 persequerentur,
830 993 992 1031 honores
1023 1001 1060 1032 et
1084 993 1245 1045 praemia

111 1046 370 1098 spopondistis
387 1061 396 1084 :
420 1047 631 1098 eodemque
643 1047 719 1093 die,
736 1047 890 1086 Decimi
904 1048 1036 1094 Bruti,
1057 1055 1245 1099 praestan-

114 1101 253 1139 tissimi
284 1101 390 1144 civis,
410 1101 533 1140 edicto
564 1101 680 1140 allato
711 1109 826 1153 atque
855 1102 1064 1153 proposito,
1096 1102 1243 1141 factum

113 1156 196 1204 ejus
214 1155 460 1194 collaudastis
478 1169 487 1193 :
519 1155 701 1208 quodque
727 1156 792 1194 ille
810 1157 958 1195 bellum
986 1156 1135 1208 privato
1154 1169 1244 1195 con-

110 1209 198 1248 silio
218 1216 446 1261 susceperat,
478 1209 519 1248 id
543 1222 610 1248 vos
641 1211 864 1249 auctoritate
891 1211 1050 1262 publica
1068 1223 1245 1262 compro·

110 1264 243 1304 hastis.

170 1319 280 1367 Quid
298 1320 416 1371 igitur
434 1320 502 1358 illo
521 1321 583 1359 die
602 1321 708 1359 aliud
720 1321 862 1372 egistis,
879 1321 953 1359 nisi
971 1330 1017 1359 ut
1034 1334 1076 1359 re
1093 1320 1243 1359 hostem

113 1373 335 1424 judicaretis
352 1375 574 1413 Antonium
589 1378 607 1414 t>
638 1375 714 1414 His
742 1375 876 1414 vestris
898 1375 1072 1421 decretis,
1093 1382 1160 1412 aut
1178 1375 1245 1413 ille

115 1442 182 1466 vos
201 1442 311 1480 aequo
331 1429 461 1467 animo
480 1429 673 1481 adspicere
690 1430 844 1481 poterit,
866 1438 934 1468 aut
948 1442 1014 1468 vos
1032 1430 1147 1467 illum
1163 1428 1244 1467 sine

113 1495 271 1522 summo
289 1483 418 1521 dolore
437 1483 614 1522 videbitis
630 1486 646 1522 Ρ
667 1484 847 1522 Exclusit
865 1484 980 1521 illum
995 1497 1018 1521 a
1029 1483 1242 1535 republica,

111 1536 304 1584 distraxit,
332 1537 559 1588 segregavit,
587 1550 667 1576 non
699 1538 824 1576 solum
854 1538 976 1576 scelus
1008 1538 1142 1589 ipsius,
1177 1537 1244 1576 sed

114 1591 232 1630 etiam
252 1594 314 1634 (ut
332 1591 431 1629 mihi
449 1591 616 1639 videtur)
636 1592 791 1631 fortuna
809 1592 990 1644 quaedam
1009 1592 1244 1644 reipublicae.

111 1645 195 1694 Qui
222 1645 254 1684 si
275 1646 412 1697 legatis
443 1647 628 1698 paruerit,
659 1647 909 1698 Romamque
937 1646 1114 1692 redierit,
1104 1660 1113 1670 ·
1145 1658 1244 1684 num

110 1700 269 1751 quando
293 1700 451 1752 perditis
480 1700 627 1739 civibus
652 1701 854 1749 vexillum,
890 1713 967 1752 quo
999 1708 1242 1747 concurrant,

111 1754 339 1793 defuturum
368 1755 548 1806 putatis?
590 1755 666 1794 Sed
701 1756 775 1794 hoc
804 1756 935 1793 minus
966 1768 1120 1793 vereor:
1154 1762 1245 1793 sunt

115 1808 205 1856 alia,
238 1822 326 1861 quae
348 1809 472 1860 magis
506 1808 685 1871 [timeam
720 1817 757 1848 et
786 1810 962 1871 cogitem.
969 1811 985 1861 ]
1025 1810 1246 1861 Nunquam

113 1863 264 1914 parebit
282 1863 348 1902 ille
348 1863 523 1925 legatis:
554 1865 645 1902 novi
655 1864 848 1902 hominis
838 1863 1043 1912 msaniam,
1063 1876 1246 1914 arrogan-

114 1916 238 1956 tiam.
269 1917 360 1956 novi
390 1918 542 1970 perdita
570 1918 729 1957 consilia
757 1919 986 1967 amicorum,
1010 1918 1153 1970 quibus
1181 1917 1248 1956 ille

115 1979 173 2009 est
191 1971 356 2010 deditus.

170 2026 319 2064 Lucius
339 2027 498 2078 quidem
517 2027 634 2066 frater
652 2029 750 2078 ejus,
773 2035 908 2088 utpote
924 2026 992 2079 qui
1010 2038 1168 2078 peregre
1181 2024 1249 2064 de-

115 2080 318 2131 pugnavit,
338 2081 531 2120 familiam
550 2082 666 2121 ducit.
698 2082 740 2120 Si
754 2095 822 2134 per
841 2095 880 2121 se
898 2081 979 2132 ipse
993 2093 1108 2119 sanus
1127 2079 1251 2132 (quod

116 2145 322 2185 nunquam
350 2135 454 2183 erit),
484 2149 552 2188 per
574 2137 646 2175 hos
663 2150 743 2175 esse
776 2137 810 2175 ei
836 2144 967 2174 tamen
996 2147 1074 2173 non
1107 2133 1250 2172 licebit.

113 2186 286 2225 Teretur
303 2188 448 2228 interea
459 2198 637 2242 tempus:
658 2191 751 2230 belli
766 2197 975 2243 apparatus
994 2188 1250 2240 refrigescent.

177 2242 330 2289 (Ormi)
352 2254 458 2282 vor.
481 2256 542 2283 11·ι
912 2246 935 2282 2
958 2254 984 2281 B
