1509 2397
479 411 707 452 ORATIO
736 412 920 452 XLVII.

640 542 747 552 ..ι-ο

401 636 473 683 IN
508 637 579 684 M.
617 636 983 685 ANTONIUM

492 782 720 832 Philippica
753 782 913 827 Quinta.

625 931 776 963 -φ-

480 1059 928 1101 ARGUMENTUM.

145 1171 429 1212 OBSIDENTE
461 1170 663 1209 Mutinam
701 1170 891 1219 Antonio,
930 1183 1009 1209 non
1038 1169 1153 1209 modo
1190 1168 1273 1208 sine

148 1228 299 1266 senatus
320 1225 555 1272 auctoritate,
571 1225 636 1263 sed
654 1226 774 1264 invito
794 1225 909 1264 etiam
924 1233 1074 1271 senatu„
1091 1224 1158 1276 qui
1178 1224 1274 1262 Gal-

147 1281 244 1319 liam
264 1278 472 1318 citeriorem
492 1280 655 1318 Decimo
684 1281 823 1326 Bruto,
846 1281 928 1329 jam
948 1288 1059 1318 antea
1081 1293 1104 1317 a
1123 1278 1274 1317 Caesare

151 1335 295 1378 (latam,
312 1342 398 1385 post
417 1335 498 1383 ejus
516 1347 648 1372 necem
660 1334 963 1381 confirmaverat,
979 1334 1069 1372 novi
1087 1333 1276 1379 consules,

156 1389 283 1427 Pansa
303 1396 340 1426 et
359 1387 527 1435 Hirtius,
550 1388 729 1427 Calendis
748 1389 777 1427 J
780 1389 962 1436 anuariis,
992 1388 1119 1440 primo
1138 1399 1278 1426 consu-

154 1443 254 1481 latus
274 1442 348 1490 die,
381 1450 583 1481 convocato
613 1442 660 1481 de
682 1456 789 1481 more
809 1451 960 1491 senatu,
981 1455 1059 1480 non
1085 1441 1212 1480 solum
1231 1440 1279 1479 de

156 1497 326 1535 Mutinae
355 1496 565 1544 obsidione,
596 1497 663 1535 sed
685 1497 843 1535 omnino
868 1497 915 1535 de
940 1497 1021 1535 tota
1049 1510 1128 1548 rep.
1157 1496 1282 1548 deque

154 1551 363 1590 honoribus
396 1558 433 1590 et
462 1551 630 1603 praemiis
659 1553 756 1591 bene
789 1552 836 1590 de
867 1564 947 1603 rep.
981 1551 1207 1590 meritorum
1238 1563 1282 1588 ac

154 1605 402 1653 merentium,
420 1604 467 1644 de
493 1607 635 1657 quibus
659 1606 773 1645 XIII
801 1605 991 1645 Calendas
1017 1608 1280 1644 senatus-con-

156 1660 303 1698 sultum
322 1660 468 1698 factum
487 1667 581 1707 erat,
604 1661 830 1700 retulerunt.
862 1659 981 1708 Quod
1000 1659 1049 1698 ad
1079 1658 1282 1698 Mutinam

155 1714 325 1762 attinuit,
339 1715 485 1753 censuit
502 1714 548 1762 is,
565 1715 633 1767 qui
645 1715 873 1754 sententiam
885 1714 1034 1766 primus
1045 1721 1201 1766 rogatus
1213 1721 1283 1760 est,

156 1768 363 1807 mittendos
382 1769 431 1807 ad
448 1769 669 1808 Antonium
683 1770 842 1820 legatos,
860 1769 928 1821 qui
946 1776 1103 1820 agerent
1121 1781 1210 1808 cum
1223 1781 1282 1815 eo,

156 1829 203 1860 ut
227 1824 275 1861 ab
295 1824 377 1873 ejus
396 1824 502 1862 urbis
527 1824 723 1863 obsidione
746 1823 952 1862 desisteret.
984 1823 1117 1862 Cicero
1135 1831 1282 1867 autem,

157 1889 227 1915 suo
244 1877 327 1915 loco
346 1885 516 1929 rogatus,
544 1885 657 1929 turpe
676 1886 714 1917 et
731 1877 939 1930 indignum
964 1878 1057 1916 dicit
1076 1890 1155 1915 esse
1174 1889 1284 1914 sena-

157 1933 219 1969 tus
237 1944 281 1970 ac
299 1932 436 1983 populi
465 1933 637 1970 Romani
655 1933 868 1982 majestate,
896 1932 946 1971 ad
964 1945 1053 1970 eum
1072 1933 1217 1982 legatos
1236 1930 1284 1968 de

158 1997 251 2035 pace
269 1985 433 2033 mittere,
454 1986 502 2025 de
520 1999 612 2038 quo,
633 1994 721 2025 ante
739 2000 881 2038 paucos
900 1987 994 2032 dies,
1016 1986 1218 2037 tamquam
1237 1984 1286 2022 de

157 2038 279 2087 hoste,
295 2040 519 2091 gravissima
537 2047 574 2079 et
593 2041 831 2079 severissima
846 2040 991 2091 judicia
1009 2040 1112 2078 idem
1133 2046 1286 2078 senatus

158 2092 299 2131 fecerit.
329 2093 560 2133 Decreverat
579 2095 697 2143 enim,
718 2095 832 2133 XIII
853 2094 1042 2134 calendas
1065 2094 1094 2132 J
1097 2093 1289 2139 annarias,

160 2148 256 2197 (quo
285 2147 346 2186 die
377 2148 510 2186 habita
539 2156 594 2188 est
622 2149 734 2188 tertia
762 2149 900 2197 oratio)
931 2156 976 2186 ut
1002 2148 1049 2186 de
1078 2147 1288 2186 honoribus

161 2200 320 2240 Caesaris
349 2209 387 2240 et
416 2203 548 2250 Bruti,
584 2203 654 2257 qui
686 2216 808 2254 remp.
843 2203 993 2256 privato
1029 2201 1185 2241 consilio
1223 2201 1290 2239 de-

215 2257 367 2303 (Orat.)
399 2267 503 2295 vor„
528 2268 590 2294 lv.
948 2259 972 2295 2
988 2268 1017 2294 A
