1509 2397
325 78 662 120 PHILIPPICA
692 78 793 118 VII.
824 77 930 117 Car.
959 78 999 116 3.
1146 78 1229 116 299

109 199 189 226 non
217 186 334 226 modo
363 187 560 226 consulem
590 200 670 225 esse
695 185 793 234 dico,
821 186 886 225 sed
908 186 1024 225 etiam
1046 184 1234 224 memoria

108 242 196 280 mea
231 241 590 293 praestantissimum
628 248 744 292 atque
779 241 971 291 optimum
1007 240 1201 278 consulem
1216 252 1231 285 ς

107 307 199 343 non,
221 296 314 347 quin
334 296 417 347 pari
436 296 575 334 virtute
595 302 632 333 et
651 295 845 333 voluntate
873 294 938 332 alii
966 294 1136 340 fuerint;
1165 293 1231 331 sed

108 357 256 388 tantam
276 363 429 388 causam
448 362 524 388 non
544 350 776 396 habuerunt,
793 349 833 386 in
854 347 932 400 quii
951 356 988 386 et
1002 348 1182 386 virtutem
1195 354 1234 385 et

107 403 345 443 voluntatem
377 417 488 441 suam
520 404 764 442 declararent.
806 403 940 452 Hujus
973 401 1233 453 magnitudini

108 458 243 504 animi,
264 458 454 509 gravitati,
476 458 684 510 sapientiae,
715 464 918 508 tempestas
938 464 994 494 est
1012 457 1140 494 oblata
1158 456 1236 494 for-

109 512 396 550 midolosissimi
412 512 606 564 temporis.
635 512 743 550 Tum
763 518 893 549 autem
912 511 1126 548 illustratur
1144 522 1236 548 con-

107 568 267 614 sulatus,
288 580 377 605 cum
393 568 580 617 gubernat
594 565 886 617 rempublicam,
916 565 947 603 si
961 577 1036 603 non
1056 564 1233 626 optabili,

107 629 149 659 at
162 621 368 663 necessario
383 628 577 672 tempore.
605 621 728 671 magis
742 626 872 658 autem
883 619 1151 666 necessarium,
1165 631 1234 670 pa-

104 680 179 714 tres
197 675 413 727 conscripti,
432 676 586 713 nullum
601 683 754 736 tempus
769 687 941 725 unquam
960 673 1047 711 fuit.

161 729 246 767 III.
275 729 413 781 Itaque
433 742 503 780 ego
527 729 606 778 ille,
628 729 696 781 qui
715 742 864 780 semper
882 728 986 780 pacis
1006 737 1138 766 auctor
1156 726 1231 775 fui,

108 784 248 835 cuique
264 797 356 835 pax,
375 784 584 845 praesertim
614 783 749 831 civilis,
781 795 1020 834 quamquam
1052 781 1234 820 omnibus

107 838 230 884 bonis,
246 845 375 876 tamen
389 838 430 875 in
444 838 577 888 primis
589 838 665 876 fuit
678 837 869 889 optabilis,
887 841 1017 880 (omne
1032 836 1134 874 enim
1147 849 1234 874 cur-

107 892 273 930 riculum
292 891 488 930 industriae
506 900 643 930 nostrae
662 892 702 929 in
720 892 816 938 foro,
837 891 877 928 111
898 891 1015 939 curia,
1036 891 1077 928 in
1092 890 1235 928 amico-

106 959 196 985 rum
228 946 406 997 periculis
438 946 718 998 propulsandis,
744 946 990 984 elaboratum
1024 951 1105 983 est:
1143 944 1237 982 hinc

107 999 268 1038 honores
287 1000 556 1061 amplissimos,
575 1000 667 1039 hinc
682 1000 890 1038 mediocres
909 1012 1012 1051 opes,
1038 999 1128 1037 hinc
1149 998 1238 1059 dig·

108 1054 283 1102 nitatem,
300 1054 332 1092 si
350 1068 468 1106 quam
486 1055 688 1101 habemus,
709 1054 899 1093 consecuti
919 1061 1067 1100 sumus)
1082 1065 1151 1104 ego
1163 1052 1238 1090 ita-

107 1122 196 1160 que,
216 1108 335 1160 pacis,
354 1117 398 1146 ut
417 1109 472 1147 ita
489 1109 628 1156 dicam,
650 1109 844 1155 alumnus,
862 1108 943 1169 qui,
958 1114 1236 1167 quantuscum-

107 1175 183 1214 que
214 1176 300 1201 sum
331 1163 446 1205 (nihil
476 1163 578 1201 enim
600 1163 698 1201 mihi
721 1171 887 1214 arrogo),
908 1163 988 1200 sine
1015 1175 1108 1213 pace
1133 1159 1235 1200 civili

108 1223 206 1255 certe
224 1230 302 1256 non
324 1217 496 1264 fuissem,
522 1217 748 1278 (periculose
766 1217 873 1255 dico.
905 1215 1235 1268 quemadmodum

107 1272 312 1322 accepturi,
341 1278 467 1322 patres
493 1271 707 1322 conscripti,
739 1271 832 1317 sitis,
861 1271 1020 1308 horreo:
1052 1269 1133 1315 sed,
1159 1280 1236 1320 pro

108 1325 197 1363 mea
215 1325 399 1377 perpetua
418 1325 624 1376 cupiditate
643 1332 776 1363 vestrae
799 1324 995 1375 dignitatis
1025 1323 1234 1362 retinendae

110 1387 147 1418 et
165 1380 364 1430 augendae,
386 1392 527 1431 quaeso,
555 1392 697 1430 oroque
715 1392 795 1426 vos,
826 1378 970 1430 [patres
993 1377 1233 1428 conscripti,]

107 1440 167 1479 ut,
188 1434 327 1484 primo,
345 1433 376 1471 si
388 1434 458 1472 erit
476 1434 536 1472 vel
555 1435 735 1472 acerbum
755 1433 904 1480 auditu,
925 1433 985 1470 vel
999 1431 1233 1478 incredibile,

109 1501 133 1526 a
151 1488 212 1525 Μ.
234 1488 416 1526 Cicerone
435 1501 512 1526 esse
527 1487 688 1534 dictum,
710 1487 900 1538 accipiatis
921 1486 1000 1524 sine
1012 1485 1234 1532 offensione,

110 1541 214 1594 quod
232 1542 390 1587 ὤχει-ος
418 1554 513 1580 neve
531 1541 572 1580 id
590 1542 710 1593 prius,
735 1555 868 1592 quam,
895 1541 1008 1592 quale
1028 1540 1090 1587 sit,
1111 1539 1236 1590 expli·

110 1609 255 1645 cavero,
272 1571 495 1648 repudietis)
509 1609 578 1647 ego
596 1596 674 1643 ille,
692 1595 833 1639 (dicam
849 1595 1002 1647 saepius)
1018 1594 1121 1645 pacis
1136 1606 1237 1631 sem-

110 1663 179 1702 per
197 1650 386 1700 laudator,
403 1663 552 1703 semper
570 1657 715 1699 auctor,
735 1663 868 1701 pacem
882 1662 971 1688 cum
985 1649 1046 1687 M.
1060 1647 1236 1686 Antonio

110 1717 189 1743 esse
203 1705 304 1743 nolo.

163 1759 315 1810 Magna
333 1772 399 1810 spe
413 1758 626 1810 ingredior
614 1772 655 1797 m
668 1759 857 1810 reliquam
872 1757 1098 1804 orationem,
1108 1762 1237 1807 patres

108 1813 323 1864 conscripti,
354 1814 536 1865 quoniam
556 1812 920 1865 periculosissimum
938 1813 1066 1850 locum
1086 1810 1236 1849 silentio

110 1880 197 1906 sum
215 1874 492 1918 praetervectus.
522 1868 604 1905 Cur
621 1868 740 1918 igitur
757 1880 890 1918 pacem
905 1867 994 1904 nolo
1008 1868 1026 1904 ἓ
1047 1865 1139 1917 quia
1153 1871 1236 1902 tur-

108 1921 168 1972 pis
187 1930 256 1967 est,
277 1922 368 1973 quia
396 1921 620 1973 periculosa,
642 1922 733 1973 quia
751 1934 830 1959 esse
859 1933 935 1958 non
956 1926 1091 1980 potest³
1132 1918 1236 1966 Quae

108 1975 182 2013 tria
200 1975 295 2013 dum
315 1977 478 2027 explico,
504 1984 593 2027 peto
622 1989 645 2013 a
664 1975 784 2023 vobis,
804 1983 929 2026 patres
948 1973 1164 2023 conscripti,
1186 1979 1233 2010 ut

111 2028 245 2067 eadem
264 2030 511 2091 benignitate,
532 2044 611 2081 qua
630 2030 769 2073 soletis,
791 2031 906 2067 verba
924 2041 1012 2065 mea
1031 2025 1208 2065 audiatis.

160 2083 275 2131 Quid
285 2091 340 2121 est
353 2084 620 2132 inconstantia,
633 2083 860 2129 mobilitate,
873 2082 1040 2127 levitate,
1054 2093 1142 2118 cum
1157 2080 1236 2117 sin-

111 2136 212 2186 gulis
229 2137 465 2184 hominibus,
479 2145 562 2176 tum
580 2151 668 2176 vero
679 2137 856 2175 universo
875 2135 1036 2182 senatui,
1052 2133 1202 2185 turpius
1213 2135 1233 2172 ἓ

111 2189 205 2241 quid
222 2204 335 2242 porro
352 2191 641 2239 inconstantius,
656 2204 790 2243 quam,
806 2203 922 2242 quem
936 2189 1052 2228 modo
1064 2188 1233 2235 hostem,
