1509 2397
251 97 330 134 220
476 96 813 137 PHILIPPICA
844 96 902 135 11.
932 96 1039 158 CAP.

250 203 431 243 beneficio
456 205 666 244 amicorum
688 206 785 255 ejus,
817 204 999 256 magister
1027 203 1199 256 equitum
1230 200 1368 241 consti-

251 265 430 296 tueretur.
460 258 568 297 Tum
588 259 832 306 existimavit,
852 272 893 297 se
911 271 980 297 suo
981 259 1083 319 ‘jure
1100 269 1190 295 cum
1215 255 1366 306 Hippia

247 311 388 358 vivere,
405 320 441 350 et
453 326 568 364 equos
580 314 779 364 vectigales
792 312 923 364 Sergio
937 312 1058 350 mimo
1069 310 1226 349 tradere.
1255 309 1365 347 Tum

249 365 321 402 sibi
339 378 416 404 non
437 367 550 414 hanc,
572 380 690 418 quam
717 379 821 405 nunc
838 367 939 404 male
957 374 1100 413 tuetur,
1120 364 1187 402 sed
1211 363 1274 401 Μ.
1296 362 1363 400 Pi-

248 419 349 456 sonis
367 419 542 468 domum,
561 421 629 458 ubi
642 421 844 468 habitaret,
863 421 1018 471 legerat.
1046 418 1156 467 Quid
1169 430 1239 468 ego
1253 416 1362 454 istius

247 472 409 521 decreta,
430 474 524 525 quid
542 475 706 525 rapinas,
724 474 818 526 quid
828 474 1095 512 haereditatum
1113 470 1362 523 possessiones

247 526 368 575 datas,
400 528 495 579 quid.
527 538 686 579 ereptas,
725 528 915 579 proferam
926 528 944 564 ’ἒ
978 527 1149 578 Cogebat
1185 531 1358 576 egestas.

246 593 324 630 quo
344 595 383 619 se
402 590 572 629 verteret,
594 594 670 619 non
689 582 865 620 habebat.
895 581 1083 619 Nondum
1096 580 1130 618 ei
1148 585 1256 616 tanta
1273 591 1297 615 a
1311 577 1360 615 L.

247 634 411 682 Rubrio,
433 648 510 673 non
528 649 552 673 a
571 636 619 673 L.
634 636 825 683 Turselio,
844 634 1044 673 haeredjtas
1062 639 1240 672 venerat.
1264 643 1361 669 non-

245 687 370 725 dum
359 701 399 725 ιιι
418 689 491 727 Cn.
516 690 692 741 Pompeii
709 689 853 737 locum,
872 689 1162 738 multorumque
1180 685 1358 732 aliorum,

243 741 312 793 qui
331 744 501 790 aberant,
521 744 740 794 repentinus
754 743 873 781 haeres
892 748 1107 780 sucesserat.
1135 740 1233 778 Erat
1252 739 1286 777 ei
1305 738 1361 777 vi-

243 795 411 834 vendum
431 797 624 835 latronum
641 797 733 847 ritu,
748 804 793 835 ut
811 804 963 835 tantum
980 796 1149 844 haberet,
1170 800 1360 846 quantum

243 861 375 900 rapere
393 851 588 901 potuisset.

296 903 372 941 Sed
390 904 485 952 haec,
507 919 593 956 quae
611 904 831 943 robustioris
850 902 1103 955 improbitatis
1122 908 1225 950 sunt,
1245 901 1360 939 omit-

240 964 395 995 tamus:
425 958 630 1009 loquamur
647 959 774 1009 potius
793 958 840 996 de
858 957 1092 1009 nequissimo
1110 968 1247 1007 genere
1264 954 1359 993 levi-

240 1011 340 1048 tatis.
371 1011 451 1059 Tu,
471 1012 551 1050 istis
580 1012 768 1058 faucibus,
792 1012 875 1050 istis
900 1012 1094 1057 lateribus,
1115 1010 1190 1048 ista
1214 1008 1361 1059 gladia-

239 1065 337 1102 toria
355 1041 469 1103 totiiis
488 1067 651 1117 corporis
669 1067 862 1113 firmitate,
879 1073 1029 1104 tantum
1042 1064 1122 1103 vini
1140 1063 1180 1100 in
1200 1062 1360 1114 Hippiae

238 1118 384 1170 nuptiis
414 1120 653 1168 exhauseras,
684 1127 729 1158 ut
758 1120 828 1158 tibi
857 1132 1005 1157 necesse
1031 1126 1127 1157 esset
1156 1117 1197 1154 in
1222 1116 1358 1168 populi

238 1172 409 1210 Romani
441 1181 643 1225 conspectu
672 1186 824 1212 vomere
855 1173 1047 1224 postridie.
1084 1171 1123 1211 O
1149 1183 1245 1219 rem,
1278 1183 1357 1208 non

237 1227 354 1265 modo
369 1227 451 1265 visu
463 1227 617 1275 foedam,
632 1227 697 1266 sed
712 1228 827 1265 etiam
839 1227 994 1265 auditu
985 1228 994 1250 '
1016 1226 1071 1274 Si,
1085 1225 1184 1263 inter
1195 1236 1355 1272 ooenam,

237 1279 279 1317 in
304 1280 396 1332 ipsis
418 1281 495 1320 tuis
521 1281 757 1320 immanibus
785 1281 861 1319 illis
885 1280 1045 1332 poculis,
1068 1279 1141 1317 hoc
1167 1278 1238 1316 tibi
1259 1278 1357 1317 acci-

238 1334 368 1382 disset,
388 1335 474 1386 quis
492 1348 568 1373 non
584 1343 696 1387 turpe
715 1335 894 1374 duceret.
883 1343 898 1362 θ
929 1334 979 1372 In
997 1340 1095 1373 ooetu
1114 1345 1203 1371 vero
1220 1331 1356 1384 populi

239 1388 423 1450 Romani,
444 1389 641 1440 negotium
661 1389 868 1450 publicum·
880 1401 1028 1440 gerens,
1047 1387 1229 1438 magister
1247 1386 1355 1438 equi-

239 1448 339 1489 tum,
360 1443 422 1481 cui
440 1451 587 1481 ructare
605 1450 717 1494 turpe
736 1450 846 1491 esset,
857 1443 906 1491 is,
919 1454 1089 1489 vomens,
1108 1440 1239 1479 frustis
1251 1453 1357 1478 escu-

237 1496 364 1545 lentis,
380 1497 515 1535 vinum
533 1496 804 1545 redolentibus,
817 1497 1008 1548 gremium
1028 1507 1158 1543 suum,
1172 1501 1209 1532 et
1226 1500 1353 1532 totum

235 1550 420 1599 tribunal,
440 1550 625 1602 implevit.
656 1551 731 1589 Sed
749 1551 853 1589 hoc'
843 1563 924 1601 1pse
948 1550 1089 1588 fatetur
1113 1561 1193 1587 esse
1215 1547 1256 1585 in
1275 1547 1353 1587 suis

236 1603 435 1643 sordibus:
465 1605 663 1643 veniamus
683 1604 732 1642 ad
751 1604 962 1656 splendida.

290 1657 452 1697 XXVI.
482 1659 610 1697 Caesar
620 1658 861 1696 Alexandria
874 1671 915 1697 se
932 1657 1085 1708 recepit,
1099 1655 1206 1703 felix,
1226 1661 1271 1694 ut
1283 1656 1354 1694 sibi

235 1711 392 1762 quidem
404 1712 623 1757 videbatu13
637 1712 725 1750 mea
736 1719 865 1750 autem
877 1711 1076 1758 sententia,
1085 1711 1115 1748 si
1127 1710 1213 1762 quis
1224 1709 1354 1761 reipu-

234 1765 342 1804 blicae
354 1765 402 1803 sit
415 1765 564 1813 infelix,
577 1766 670 1804 felix
679 1779 757 1804 esse
770 1777 848 1803 non
859 1772 994 1817 potest.
1011 1764 1136 1803 Hasta
1147 1763 1271 1815 posita
1281 1777 1352 1815 pro

235 1819 314 1857 aede
326 1820 355 1857 J
357 1820 436 1857 ovis
448 1819 619 1866 Statoris,
640 1822 741 1858 bona
759 1819 831 1858 Cn.
847 1819 1023 1870 Pompeii
1038 1818 1239 1862 (miserum
1257 1817 1346 1855 me!

234 1873 440 1911 consumtis
460 1872 562 1911 enim
587 1873 779 1924 lacrymis,
807 1880 936 1911 tamen
953 1873 1096 1910 infixus
1114 1872 1244 1910 animo
1272 1870 1351 1909 hae-

233 1934 290 1966 ret
309 1927 431 1974 dolor)
461 1927 606 1973 bona,
596 1939 771 1978 mquam,
799 1927 871 1965 Cn.
893 1927 1070 1978 Pompeii
1089 1925 1244 1976 Magni,
1265 1924 1348 1962 voci

232 1981 483 2019 acerbissimae
508 1982 677 2030 subjecta
695 1981 888 2031 praeconis.
917 1980 1037 2019 Una
1027 1993 1068 2017 ιιι
1086 1979 1155 2017 illa
1172 1992 1213 2017 re
1233 1978 1348 2016 servi-

231 2034 324 2074 tutis
338 2034 470 2083 oblita,
486 2034 616 2072 civitas
628 2034 836 2084 ingemuit;
853 2034 1179 2085 servientibusque
1192 2032 1346 2080 animis,

228 2089 395 2149 gemitus
420 2096 550 2126 tamen
579 2089 713 2139 populi
738 2088 908 2126 Romani
938 2088 1035 2126 liber
1057 2087 1144 2125 fuit.
1173 2086 1346 2137 Exspec-

227 2142 396 2183 tantibus
425 2142 618 2189 omnibus,
650 2142 829 2193 quisnam
853 2148 948 2180 esset
973 2149 1054 2179 tam
1077 2140 1235 2192 impius,
1262 2146 1344 2177 tam

226 2199 395 2244 demens,
416 2204 496 2235 tam
517 2195 603 2234 Diis
622 2195 920 2248 hominibusque
937 2195 1070 2246 hostis,
1090 2194 1159 2248 qui
1177 2194 1228 2233 ad
1245 2192 1345 2233 illud
