<?xml version="1.0" encoding="UTF-8"?>
<!DOCTYPE html PUBLIC "-//W3C//DTD XHTML 1.0 Transitional//EN"
    "http://www.w3.org/TR/xhtml1/DTD/xhtml1-transitional.dtd">
<html xmlns="http://www.w3.org/1999/xhtml" xml:lang="en" lang="en">
 <head>
  <title>
</title>
<meta http-equiv="Content-Type" content="text/html;charset=utf-8" />
  <meta name='ocr-system' content='tesseract 3.04.00' />
  <meta name='ocr-capabilities' content='ocr_page ocr_carea ocr_par ocr_line ocrx_word'/>
</head>
<body>
  <div class='ocr_page' id='page_1' title='image "./operaern08ciceuoft_0217.png"; bbox 0 0 1509 2397; ppageno 0'>
   <div class='ocr_carea' id='block_1_1' title="bbox 355 107 1232 156">
    <p class='ocr_par' dir='ltr' id='par_1_1' title="bbox 355 107 1232 156">
     <span class='ocr_line' id='line_1_1' title="bbox 355 107 1232 156; baseline 0.006 -10"><span class='ocrx_word' id='word_1_1' title='bbox 355 107 700 149; x_wconf 85' lang='lat' dir='ltr'><strong>PHILIPPICA</strong></span> <span class='ocrx_word' id='word_1_2' title='bbox 732 110 792 149; x_wconf 83' lang='grc' dir='ltr'><strong>ΙΙ.</strong></span> <span class='ocrx_word' id='word_1_3' title='bbox 823 111 927 149; x_wconf 63' lang='lat' dir='ltr'><strong>CAP⁴</strong></span> <span class='ocrx_word' id='word_1_4' title='bbox 950 112 986 156; x_wconf 73' lang='grc'><strong>7.</strong></span> <span class='ocrx_word' id='word_1_5' title='bbox 1153 113 1232 151; x_wconf 83' lang='grc'><strong>203</strong></span> 
     </span>
    </p>
   </div>
   <div class='ocr_carea' id='block_1_2' title="bbox 90 215 1235 2282">
    <p class='ocr_par' dir='ltr' id='par_1_2' title="bbox 102 215 1235 961">
     <span class='ocr_line' id='line_1_2' title="bbox 109 215 1235 280; baseline 0.005 -27"><span class='ocrx_word' id='word_1_6' title='bbox 109 215 225 268; x_wconf 86' lang='lat' dir='ltr'><strong>gestis</strong></span> <span class='ocrx_word' id='word_1_7' title='bbox 248 228 344 268; x_wconf 91' lang='lat' dir='ltr'><strong>quas</strong></span> <span class='ocrx_word' id='word_1_8' title='bbox 369 223 413 254; x_wconf 87' lang='lat' dir='ltr'><strong>tu</strong></span> <span class='ocrx_word' id='word_1_9' title='bbox 443 217 700 268; x_wconf 80' lang='lat' dir='ltr'><strong>reprehendis,</strong></span> <span class='ocrx_word' id='word_1_10' title='bbox 728 218 1045 280; x_wconf 72' lang='lat' dir='ltr'>supplicationem</span> <span class='ocrx_word' id='word_1_11' title='bbox 1071 219 1235 259; x_wconf 82' lang='lat' dir='ltr'><strong>decrevit</strong></span> 
     </span>
     <span class='ocr_line' id='line_1_3' title="bbox 109 269 1233 324; baseline 0.003 -15"><span class='ocrx_word' id='word_1_12' title='bbox 109 269 235 309; x_wconf 87' lang='lat' dir='ltr'><strong>verbis</strong></span> <span class='ocrx_word' id='word_1_13' title='bbox 253 270 527 321; x_wconf 85' lang='lat' dir='ltr'><strong>amplissimis.</strong></span> <span class='ocrx_word' id='word_1_14' title='bbox 558 272 765 323; x_wconf 83' lang='lat' dir='ltr'><strong>eiqueilli</strong></span> <span class='ocrx_word' id='word_1_15' title='bbox 754 273 842 323; x_wconf 77' lang='lat' dir='ltr'><strong>ipsi,</strong></span> <span class='ocrx_word' id='word_1_16' title='bbox 859 287 954 324; x_wconf 91' lang='lat' dir='ltr'><strong>quos</strong></span> <span class='ocrx_word' id='word_1_17' title='bbox 973 274 1088 312; x_wconf 86' lang='lat' dir='ltr'><strong>modo</strong></span> <span class='ocrx_word' id='word_1_18' title='bbox 1107 275 1233 312; x_wconf 88' lang='lat' dir='ltr'><strong>nomi-</strong></span> 
     </span>
     <span class='ocr_line' id='line_1_4' title="bbox 109 323 1229 378; baseline 0.005 -17"><span class='ocrx_word' id='word_1_19' title='bbox 109 323 212 371; x_wconf 84' lang='lat' dir='ltr'><strong>navi,</strong></span> <span class='ocrx_word' id='word_1_20' title='bbox 243 325 470 372; x_wconf 83' lang='lat' dir='ltr'><strong>consulares,</strong></span> <span class='ocrx_word' id='word_1_21' title='bbox 502 333 732 378; x_wconf 86' lang='lat' dir='ltr'><strong>senatusque</strong></span> <span class='ocrx_word' id='word_1_22' title='bbox 761 335 920 365; x_wconf 86' lang='lat' dir='ltr'><strong>cunctus</strong></span> <span class='ocrx_word' id='word_1_23' title='bbox 946 340 1118 366; x_wconf 84' lang='lat' dir='ltr'>assensus</span> <span class='ocrx_word' id='word_1_24' title='bbox 1149 336 1229 366; x_wconf 85' lang='lat' dir='ltr'><strong>est:</strong></span> 
     </span>
     <span class='ocr_line' id='line_1_5' title="bbox 108 377 1233 430; baseline 0.004 -14"><span class='ocrx_word' id='word_1_25' title='bbox 108 377 179 430; x_wconf 90' lang='lat' dir='ltr'><strong>qui</strong></span> <span class='ocrx_word' id='word_1_26' title='bbox 201 378 335 416; x_wconf 90' lang='lat' dir='ltr'>honos</span> <span class='ocrx_word' id='word_1_27' title='bbox 367 386 453 430; x_wconf 88' lang='lat' dir='ltr'><strong>post</strong></span> <span class='ocrx_word' id='word_1_28' title='bbox 480 379 671 418; x_wconf 84' lang='lat' dir='ltr'><strong>conditam</strong></span> <span class='ocrx_word' id='word_1_29' title='bbox 698 380 797 418; x_wconf 87' lang='lat' dir='ltr'><strong>hanc</strong></span> <span class='ocrx_word' id='word_1_30' title='bbox 819 382 970 428; x_wconf 87' lang='lat' dir='ltr'><strong>urbem,</strong></span> <span class='ocrx_word' id='word_1_31' title='bbox 998 382 1151 419; x_wconf 86' lang='lat' dir='ltr'><strong>habitus</strong></span> <span class='ocrx_word' id='word_1_32' title='bbox 1178 389 1233 420; x_wconf 89' lang='lat' dir='ltr'><strong>est</strong></span> 
     </span>
     <span class='ocr_line' id='line_1_6' title="bbox 108 420 1229 483; baseline 0.004 -14"><span class='ocrx_word' id='word_1_33' title='bbox 108 438 238 482; x_wconf 84' lang='lat' dir='ltr'><strong>togato</strong></span> <span class='ocrx_word' id='word_1_34' title='bbox 257 420 345 470; x_wconf 85' lang='lat' dir='ltr'><strong>ante</strong></span> <span class='ocrx_word' id='word_1_35' title='bbox 363 445 426 471; x_wconf 90' lang='lat' dir='ltr'><strong>me</strong></span> <span class='ocrx_word' id='word_1_36' title='bbox 447 433 605 471; x_wconf 89' lang='lat' dir='ltr'><strong>nemini.</strong></span> <span class='ocrx_word' id='word_1_37' title='bbox 643 434 691 472; x_wconf 87' lang='lat' dir='ltr'><strong>L.</strong></span> <span class='ocrx_word' id='word_1_38' title='bbox 719 434 859 482; x_wconf 78' lang='lat' dir='ltr'><strong>Caesar,</strong></span> <span class='ocrx_word' id='word_1_39' title='bbox 887 436 1100 473; x_wconf 84' lang='lat' dir='ltr'><strong>avunculus</strong></span> <span class='ocrx_word' id='word_1_40' title='bbox 1125 443 1229 483; x_wconf 89' lang='lat' dir='ltr'><strong>tuus,</strong></span> 
     </span>
     <span class='ocr_line' id='line_1_7' title="bbox 108 485 1232 540; baseline 0.004 -17"><span class='ocrx_word' id='word_1_41' title='bbox 108 485 189 537; x_wconf 85' lang='lat' dir='ltr'><strong>qua</strong></span> <span class='ocrx_word' id='word_1_42' title='bbox 212 487 394 534; x_wconf 88' lang='lat' dir='ltr'><strong>oratione,</strong></span> <span class='ocrx_word' id='word_1_43' title='bbox 415 500 494 538; x_wconf 86' lang='lat' dir='ltr'><strong>qua</strong></span> <span class='ocrx_word' id='word_1_44' title='bbox 523 488 746 534; x_wconf 85' lang='lat' dir='ltr'><strong>constantia,</strong></span> <span class='ocrx_word' id='word_1_45' title='bbox 769 503 847 539; x_wconf 83' lang='lat' dir='ltr'><strong>qua</strong></span> <span class='ocrx_word' id='word_1_46' title='bbox 871 489 1056 540; x_wconf 80' lang='lat' dir='ltr'><strong>gravitate</strong></span> <span class='ocrx_word' id='word_1_47' title='bbox 1082 497 1232 528; x_wconf 85' lang='lat' dir='ltr'><strong>senten-</strong></span> 
     </span>
     <span class='ocr_line' id='line_1_8' title="bbox 105 540 1227 589; baseline 0.002 -9"><span class='ocrx_word' id='word_1_48' title='bbox 105 540 201 580; x_wconf 87' lang='lat' dir='ltr'><strong>tiam</strong></span> <span class='ocrx_word' id='word_1_49' title='bbox 230 540 329 579; x_wconf 82' lang='lat' dir='ltr'><strong>dixit</strong></span> <span class='ocrx_word' id='word_1_50' title='bbox 360 541 401 578; x_wconf 90' lang='lat' dir='ltr'><strong>in</strong></span> <span class='ocrx_word' id='word_1_51' title='bbox 431 542 566 580; x_wconf 82' lang='lat' dir='ltr'><strong>sororis</strong></span> <span class='ocrx_word' id='word_1_52' title='bbox 597 555 676 580; x_wconf 86' lang='lat' dir='ltr'><strong>suae</strong></span> <span class='ocrx_word' id='word_1_53' title='bbox 706 543 846 589; x_wconf 71' lang='lat' dir='ltr'><strong>virum,</strong></span> <span class='ocrx_word' id='word_1_54' title='bbox 879 543 1055 581; x_wconf 84' lang='lat' dir='ltr'><strong>vitricum</strong></span> <span class='ocrx_word' id='word_1_55' title='bbox 1087 551 1200 581; x_wconf 90' lang='lat' dir='ltr'><strong>tuum</strong></span> <span class='ocrx_word' id='word_1_56' title='bbox 1217 545 1227 582; x_wconf 91' lang='lat'>!</span> 
     </span>
     <span class='ocr_line' id='line_1_9' title="bbox 103 593 1230 648; baseline 0.003 -15"><span class='ocrx_word' id='word_1_57' title='bbox 103 593 226 634; x_wconf 86' lang='lat' dir='ltr'><strong>Hune</strong></span> <span class='ocrx_word' id='word_1_58' title='bbox 243 602 287 633; x_wconf 93' lang='lat' dir='ltr'><strong>tu</strong></span> <span class='ocrx_word' id='word_1_59' title='bbox 299 607 388 633; x_wconf 89' lang='grc'>011111</span> <span class='ocrx_word' id='word_1_60' title='bbox 403 603 596 634; x_wconf 74' lang='lat' dir='ltr'><strong>auctorem</strong></span> <span class='ocrx_word' id='word_1_61' title='bbox 617 604 653 635; x_wconf 90' lang='lat' dir='ltr'><strong>et</strong></span> <span class='ocrx_word' id='word_1_62' title='bbox 667 605 937 648; x_wconf 74' lang='lat' dir='ltr'><strong>praeceptorem</strong></span> <span class='ocrx_word' id='word_1_63' title='bbox 950 598 1125 636; x_wconf 90' lang='lat' dir='ltr'><strong>omnium</strong></span> <span class='ocrx_word' id='word_1_64' title='bbox 1141 610 1230 636; x_wconf 90' lang='lat' dir='ltr'><strong>con-</strong></span> 
     </span>
     <span class='ocr_line' id='line_1_10' title="bbox 105 649 1230 702; baseline 0.004 -16"><span class='ocrx_word' id='word_1_65' title='bbox 105 649 293 696; x_wconf 80' lang='grc'>5111010111,</span> <span class='ocrx_word' id='word_1_66' title='bbox 317 650 512 702; x_wconf 85' lang='lat' dir='ltr'><strong>totiusque</strong></span> <span class='ocrx_word' id='word_1_67' title='bbox 530 651 632 696; x_wconf 84' lang='lat' dir='ltr'><strong>vitae,</strong></span> <span class='ocrx_word' id='word_1_68' title='bbox 659 651 852 689; x_wconf 79' lang='lat' dir='ltr'><strong>debuisses</strong></span> <span class='ocrx_word' id='word_1_69' title='bbox 875 652 1029 695; x_wconf 81' lang='lat' dir='ltr'><strong>habere,</strong></span> <span class='ocrx_word' id='word_1_70' title='bbox 1050 665 1085 690; x_wconf 78' lang='lat' dir='ltr'>v</span> <span class='ocrx_word' id='word_1_71' title='bbox 1075 652 1173 690; x_wconf 69' lang='grc'>111101</span> <span class='ocrx_word' id='word_1_72' title='bbox 1192 660 1230 690; x_wconf 88' lang='grc'><strong>10</strong></span> 
     </span>
     <span class='ocr_line' id='line_1_11' title="bbox 106 703 1228 757; baseline 0.002 -15"><span class='ocrx_word' id='word_1_73' title='bbox 106 703 286 750; x_wconf 85' lang='lat' dir='ltr'><strong>similem,</strong></span> <span class='ocrx_word' id='word_1_74' title='bbox 311 717 430 755; x_wconf 89' lang='lat' dir='ltr'><strong>quam</strong></span> <span class='ocrx_word' id='word_1_75' title='bbox 456 705 651 750; x_wconf 81' lang='lat' dir='ltr'><strong>avunculi,</strong></span> <span class='ocrx_word' id='word_1_76' title='bbox 680 719 758 744; x_wconf 88' lang='lat' dir='ltr'><strong>esse</strong></span> <span class='ocrx_word' id='word_1_77' title='bbox 782 706 963 744; x_wconf 75' lang='lat' dir='ltr'><strong>maluisti.</strong></span> <span class='ocrx_word' id='word_1_78' title='bbox 999 706 1133 755; x_wconf 85' lang='lat' dir='ltr'><strong>Hujus</strong></span> <span class='ocrx_word' id='word_1_79' title='bbox 1159 719 1228 757; x_wconf 89' lang='lat' dir='ltr'><strong>ego</strong></span> 
     </span>
     <span class='ocr_line' id='line_1_12' title="bbox 105 756 1226 808; baseline 0.004 -13"><span class='ocrx_word' id='word_1_80' title='bbox 105 756 253 796; x_wconf 85' lang='lat' dir='ltr'><strong>alienus</strong></span> <span class='ocrx_word' id='word_1_81' title='bbox 278 758 444 797; x_wconf 88' lang='lat' dir='ltr'><strong>consiliis</strong></span> <span class='ocrx_word' id='word_1_82' title='bbox 463 760 596 797; x_wconf 90' lang='lat' dir='ltr'><strong>consul</strong></span> <span class='ocrx_word' id='word_1_83' title='bbox 614 773 706 798; x_wconf 88' lang='lat' dir='ltr'><strong>usus</strong></span> <span class='ocrx_word' id='word_1_84' title='bbox 726 773 838 798; x_wconf 85' lang='lat' dir='ltr'><strong>sum:</strong></span> <span class='ocrx_word' id='word_1_85' title='bbox 869 767 926 807; x_wconf 81' lang='lat' dir='ltr'><strong>tu,</strong></span> <span class='ocrx_word' id='word_1_86' title='bbox 948 760 1084 799; x_wconf 84' lang='lat' dir='ltr'><strong>sororis</strong></span> <span class='ocrx_word' id='word_1_87' title='bbox 1109 760 1226 808; x_wconf 84' lang='lat' dir='ltr'><strong>filius,</strong></span> 
     </span>
     <span class='ocr_line' id='line_1_13' title="bbox 103 811 1228 865; baseline 0.004 -16"><span class='ocrx_word' id='word_1_88' title='bbox 103 811 242 863; x_wconf 83' lang='lat' dir='ltr'><strong>ecquid</strong></span> <span class='ocrx_word' id='word_1_89' title='bbox 260 811 308 850; x_wconf 88' lang='lat' dir='ltr'><strong>ad</strong></span> <span class='ocrx_word' id='word_1_90' title='bbox 328 825 417 851; x_wconf 90' lang='lat' dir='ltr'><strong>eum</strong></span> <span class='ocrx_word' id='word_1_91' title='bbox 442 825 616 864; x_wconf 88' lang='lat' dir='ltr'><strong>unquam</strong></span> <span class='ocrx_word' id='word_1_92' title='bbox 643 814 689 852; x_wconf 91' lang='lat' dir='ltr'><strong>de</strong></span> <span class='ocrx_word' id='word_1_93' title='bbox 708 827 747 852; x_wconf 89' lang='lat' dir='ltr'><strong>re</strong></span> <span class='ocrx_word' id='word_1_94' title='bbox 766 815 921 865; x_wconf 84' lang='lat' dir='ltr'><strong>publica</strong></span> <span class='ocrx_word' id='word_1_95' title='bbox 945 814 1139 853; x_wconf 82' lang='lat' dir='ltr'><strong>retulisti?</strong></span> <span class='ocrx_word' id='word_1_96' title='bbox 1168 815 1228 853; x_wconf 91' lang='lat' dir='ltr'><strong>At</strong></span> 
     </span>
     <span class='ocr_line' id='line_1_14' title="bbox 102 865 1227 920; baseline 0.003 -16"><span class='ocrx_word' id='word_1_97' title='bbox 102 865 154 904; x_wconf 84' lang='lat' dir='ltr'><strong>ad</strong></span> <span class='ocrx_word' id='word_1_98' title='bbox 172 878 268 918; x_wconf 92' lang='lat' dir='ltr'><strong>quos</strong></span> <span class='ocrx_word' id='word_1_99' title='bbox 286 866 424 906; x_wconf 77' lang='lat' dir='ltr'><strong>refert?</strong></span> <span class='ocrx_word' id='word_1_100' title='bbox 454 867 523 905; x_wconf 90' lang='lat' dir='ltr'><strong>Dii</strong></span> <span class='ocrx_word' id='word_1_101' title='bbox 534 868 790 906; x_wconf 85' lang='lat' dir='ltr'><strong>immortales!</strong></span> <span class='ocrx_word' id='word_1_102' title='bbox 814 868 863 906; x_wconf 78' lang='lat' dir='ltr'><strong>ad</strong></span> <span class='ocrx_word' id='word_1_103' title='bbox 883 881 944 907; x_wconf 87' lang='lat' dir='ltr'><strong>eos</strong></span> <span class='ocrx_word' id='word_1_104' title='bbox 963 869 1116 916; x_wconf 86' lang='lat' dir='ltr'><strong>scilicet,</strong></span> <span class='ocrx_word' id='word_1_105' title='bbox 1131 872 1227 920; x_wconf 88' lang='lat' dir='ltr'><strong>quo-</strong></span> 
     </span>
     <span class='ocr_line' id='line_1_15' title="bbox 102 920 1035 961; baseline 0.001 -1"><span class='ocrx_word' id='word_1_106' title='bbox 102 932 192 960; x_wconf 89' lang='lat' dir='ltr'><strong>rum</strong></span> <span class='ocrx_word' id='word_1_107' title='bbox 211 920 320 959; x_wconf 89' lang='lat' dir='ltr'><strong>nobis</strong></span> <span class='ocrx_word' id='word_1_108' title='bbox 340 922 454 960; x_wconf 81' lang='lat' dir='ltr'><strong>etiam</strong></span> <span class='ocrx_word' id='word_1_109' title='bbox 474 922 553 960; x_wconf 91' lang='lat' dir='ltr'><strong>dies</strong></span> <span class='ocrx_word' id='word_1_110' title='bbox 572 923 716 961; x_wconf 76' lang='lat' dir='ltr'><strong>natales</strong></span> <span class='ocrx_word' id='word_1_111' title='bbox 735 922 915 961; x_wconf 89' lang='lat' dir='ltr'><strong>audiendi</strong></span> <span class='ocrx_word' id='word_1_112' title='bbox 934 930 1035 961; x_wconf 87' lang='lat' dir='ltr'><strong>sunt.</strong></span> 
     </span>
    </p>

    <p class='ocr_par' dir='ltr' id='par_1_3' title="bbox 96 972 1227 1505">
     <span class='ocr_line' id='line_1_16' title="bbox 131 972 1227 1023; baseline 0.003 -11"><span class='ocrx_word' id='word_1_113' title='bbox 131 972 134 973; x_wconf 44' lang='lat'><em>⁷</em></span> <span class='ocrx_word' id='word_1_114' title='bbox 156 974 288 1013; x_wconf 87' lang='lat' dir='ltr'><strong>Hodie</strong></span> <span class='ocrx_word' id='word_1_115' title='bbox 306 987 383 1014; x_wconf 88' lang='lat' dir='ltr'><strong>non</strong></span> <span class='ocrx_word' id='word_1_116' title='bbox 399 976 592 1015; x_wconf 88' lang='lat' dir='ltr'><strong>descendit</strong></span> <span class='ocrx_word' id='word_1_117' title='bbox 609 977 818 1016; x_wconf 85' lang='lat' dir='ltr'><strong>Antonius.</strong></span> <span class='ocrx_word' id='word_1_118' title='bbox 850 977 960 1015; x_wconf 80' lang='lat' dir='ltr'><strong>Cur?</strong></span> <span class='ocrx_word' id='word_1_119' title='bbox 990 977 1227 1023; x_wconf 29' lang='lat' dir='ltr'><strong>Dat-natali-</strong></span> 
     </span>
     <span class='ocr_line' id='line_1_17' title="bbox 99 1028 1225 1083; baseline 0.002 -15"><span class='ocrx_word' id='word_1_120' title='bbox 99 1028 209 1068; x_wconf 84' lang='lat' dir='ltr'><strong>ciain</strong></span> <span class='ocrx_word' id='word_1_121' title='bbox 220 1028 350 1068; x_wconf 91' lang='lat' dir='ltr'><strong>hortis.</strong></span> <span class='ocrx_word' id='word_1_122' title='bbox 380 1031 456 1069; x_wconf 87' lang='lat' dir='ltr'><strong>Cui</strong></span> <span class='ocrx_word' id='word_1_123' title='bbox 471 1034 487 1070; x_wconf 73' lang='grc' dir='ltr'><strong><em>Ρ</em></strong></span> <span class='ocrx_word' id='word_1_124' title='bbox 518 1031 727 1070; x_wconf 83' lang='lat' dir='ltr'><strong>Neminem</strong></span> <span class='ocrx_word' id='word_1_125' title='bbox 742 1032 974 1070; x_wconf 85' lang='lat' dir='ltr'><strong>nominabo:</strong></span> <span class='ocrx_word' id='word_1_126' title='bbox 996 1039 1128 1083; x_wconf 87' lang='lat' dir='ltr'><strong>putate</strong></span> <span class='ocrx_word' id='word_1_127' title='bbox 1140 1039 1225 1070; x_wconf 85' lang='lat' dir='ltr'><strong>tum</strong></span> 
     </span>
     <span class='ocr_line' id='line_1_18' title="bbox 100 1083 1224 1134; baseline 0.003 -12"><span class='ocrx_word' id='word_1_128' title='bbox 100 1083 329 1122; x_wconf 89' lang='lat' dir='ltr'><strong>Phormioni</strong></span> <span class='ocrx_word' id='word_1_129' title='bbox 351 1085 478 1131; x_wconf 90' lang='lat' dir='ltr'><strong>alicui,</strong></span> <span class='ocrx_word' id='word_1_130' title='bbox 503 1092 588 1124; x_wconf 87' lang='lat' dir='ltr'><strong>tum</strong></span> <span class='ocrx_word' id='word_1_131' title='bbox 616 1086 827 1134; x_wconf 76' lang='lat' dir='ltr'><strong>Gnathoni,</strong></span> <span class='ocrx_word' id='word_1_132' title='bbox 855 1094 941 1124; x_wconf 89' lang='lat' dir='ltr'><strong>tum</strong></span> <span class='ocrx_word' id='word_1_133' title='bbox 964 1087 1146 1124; x_wconf 83' lang='lat' dir='ltr'><strong>Ballioni.</strong></span> <span class='ocrx_word' id='word_1_134' title='bbox 1185 1086 1224 1125; x_wconf 91' lang='grc' dir='ltr'><strong>Ο</strong></span> 
     </span>
     <span class='ocr_line' id='line_1_19' title="bbox 99 1138 1225 1191; baseline 0.003 -15"><span class='ocrx_word' id='word_1_135' title='bbox 99 1138 308 1178; x_wconf 84' lang='lat' dir='ltr'><strong>foeditatem</strong></span> <span class='ocrx_word' id='word_1_136' title='bbox 328 1140 494 1178; x_wconf 88' lang='lat' dir='ltr'><strong>hominis</strong></span> <span class='ocrx_word' id='word_1_137' title='bbox 512 1140 739 1191; x_wconf 80' lang='lat' dir='ltr'><strong>flagitiosam</strong></span> <span class='ocrx_word' id='word_1_138' title='bbox 759 1141 768 1178; x_wconf 71' lang='grc' dir='ltr'>ἕ</span> <span class='ocrx_word' id='word_1_139' title='bbox 799 1155 823 1179; x_wconf 91' lang='grc'><strong>0</strong></span> <span class='ocrx_word' id='word_1_140' title='bbox 842 1141 1136 1191; x_wconf 85' lang='lat' dir='ltr'><strong>impudentiam,</strong></span> <span class='ocrx_word' id='word_1_141' title='bbox 1157 1154 1225 1179; x_wconf 90' lang='lat' dir='ltr'><strong>ne-</strong></span> 
     </span>
     <span class='ocr_line' id='line_1_20' title="bbox 101 1193 1225 1247; baseline 0.004 -16"><span class='ocrx_word' id='word_1_142' title='bbox 101 1193 279 1245; x_wconf 76' lang='lat' dir='ltr'><strong>quitiam,</strong></span> <span class='ocrx_word' id='word_1_143' title='bbox 299 1193 512 1240; x_wconf 86' lang='lat' dir='ltr'><strong>libidinem,</strong></span> <span class='ocrx_word' id='word_1_144' title='bbox 529 1207 607 1233; x_wconf 89' lang='lat' dir='ltr'><strong>non</strong></span> <span class='ocrx_word' id='word_1_145' title='bbox 625 1195 820 1234; x_wconf 84' lang='lat' dir='ltr'><strong>ferendam</strong></span> <span class='ocrx_word' id='word_1_146' title='bbox 839 1196 848 1233; x_wconf 89' lang='lat'><strong>!</strong></span> <span class='ocrx_word' id='word_1_147' title='bbox 881 1195 962 1242; x_wconf 90' lang='lat' dir='ltr'><strong>Tu,</strong></span> <span class='ocrx_word' id='word_1_148' title='bbox 979 1208 1067 1233; x_wconf 88' lang='lat' dir='ltr'><strong>cum</strong></span> <span class='ocrx_word' id='word_1_149' title='bbox 1083 1197 1225 1247; x_wconf 88' lang='lat' dir='ltr'><strong>princi-</strong></span> 
     </span>
     <span class='ocr_line' id='line_1_21' title="bbox 96 1249 1224 1302; baseline 0.002 -14"><span class='ocrx_word' id='word_1_150' title='bbox 96 1262 188 1300; x_wconf 89' lang='lat' dir='ltr'><strong>pem</strong></span> <span class='ocrx_word' id='word_1_151' title='bbox 207 1255 433 1295; x_wconf 90' lang='lat' dir='ltr'><strong>senatorem,</strong></span> <span class='ocrx_word' id='word_1_152' title='bbox 455 1249 577 1287; x_wconf 89' lang='lat' dir='ltr'><strong>civem</strong></span> <span class='ocrx_word' id='word_1_153' title='bbox 595 1249 841 1299; x_wconf 76' lang='lat' dir='ltr'><strong>singularem,</strong></span> <span class='ocrx_word' id='word_1_154' title='bbox 862 1257 942 1287; x_wconf 86' lang='lat' dir='ltr'><strong>tam</strong></span> <span class='ocrx_word' id='word_1_155' title='bbox 960 1250 1224 1302; x_wconf 87' lang='lat' dir='ltr'><strong>propinquum</strong></span> 
     </span>
     <span class='ocr_line' id='line_1_22' title="bbox 96 1302 1224 1354; baseline 0.001 -12"><span class='ocrx_word' id='word_1_156' title='bbox 96 1303 252 1349; x_wconf 84' lang='lat' dir='ltr'><strong>habeas,</strong></span> <span class='ocrx_word' id='word_1_157' title='bbox 270 1302 319 1340; x_wconf 90' lang='lat' dir='ltr'><strong>ad</strong></span> <span class='ocrx_word' id='word_1_158' title='bbox 338 1315 427 1340; x_wconf 90' lang='lat' dir='ltr'><strong>eum</strong></span> <span class='ocrx_word' id='word_1_159' title='bbox 453 1303 501 1341; x_wconf 91' lang='lat' dir='ltr'><strong>de</strong></span> <span class='ocrx_word' id='word_1_160' title='bbox 520 1317 559 1341; x_wconf 88' lang='lat' dir='ltr'><strong>re</strong></span> <span class='ocrx_word' id='word_1_161' title='bbox 570 1303 725 1354; x_wconf 62' lang='lat' dir='ltr'><strong>publica</strong></span> <span class='ocrx_word' id='word_1_162' title='bbox 736 1304 834 1341; x_wconf 83' lang='lat' dir='ltr'><strong>nihil</strong></span> <span class='ocrx_word' id='word_1_163' title='bbox 853 1303 993 1348; x_wconf 76' lang='lat' dir='ltr'><strong>refe1s3</strong></span> <span class='ocrx_word' id='word_1_164' title='bbox 1015 1304 1064 1342; x_wconf 90' lang='lat' dir='ltr'><strong>ad</strong></span> <span class='ocrx_word' id='word_1_165' title='bbox 1083 1318 1146 1343; x_wconf 86' lang='lat' dir='ltr'><strong>eos</strong></span> <span class='ocrx_word' id='word_1_166' title='bbox 1165 1318 1224 1343; x_wconf 82' lang='grc'><strong>10-</strong></span> 
     </span>
     <span class='ocr_line' id='line_1_23' title="bbox 97 1356 1223 1408; baseline 0 -11"><span class='ocrx_word' id='word_1_167' title='bbox 97 1357 187 1406; x_wconf 78' lang='lat' dir='ltr'><strong>fers,</strong></span> <span class='ocrx_word' id='word_1_168' title='bbox 209 1357 276 1408; x_wconf 92' lang='lat' dir='ltr'><strong>qui</strong></span> <span class='ocrx_word' id='word_1_169' title='bbox 295 1356 456 1396; x_wconf 88' lang='lat' dir='ltr'><strong>domum</strong></span> <span class='ocrx_word' id='word_1_170' title='bbox 475 1370 584 1395; x_wconf 78' lang='lat' dir='ltr'><strong>suam</strong></span> <span class='ocrx_word' id='word_1_171' title='bbox 604 1358 753 1395; x_wconf 82' lang='lat' dir='ltr'><strong>nullam</strong></span> <span class='ocrx_word' id='word_1_172' title='bbox 772 1358 928 1403; x_wconf 75' lang='lat' dir='ltr'><strong>habent,</strong></span> <span class='ocrx_word' id='word_1_173' title='bbox 949 1365 1057 1395; x_wconf 85' lang='lat' dir='ltr'><strong>tuam</strong></span> <span class='ocrx_word' id='word_1_174' title='bbox 1077 1360 1223 1397; x_wconf 85' lang='lat' dir='ltr'><strong>exhau-</strong></span> 
     </span>
     <span class='ocr_line' id='line_1_24' title="bbox 97 1411 1223 1463; baseline 0.003 -14"><span class='ocrx_word' id='word_1_175' title='bbox 97 1411 235 1450; x_wconf 83' lang='lat' dir='ltr'><strong>riunt?</strong></span> <span class='ocrx_word' id='word_1_176' title='bbox 265 1411 378 1450; x_wconf 83' lang='lat' dir='ltr'><strong>Tuus</strong></span> <span class='ocrx_word' id='word_1_177' title='bbox 398 1411 570 1451; x_wconf 85' lang='lat' dir='ltr'><strong>videlicet</strong></span> <span class='ocrx_word' id='word_1_178' title='bbox 590 1412 764 1450; x_wconf 77' lang='lat' dir='ltr'><strong>salutaris</strong></span> <span class='ocrx_word' id='word_1_179' title='bbox 783 1411 1016 1461; x_wconf 83' lang='lat' dir='ltr'><strong>consulatus,</strong></span> <span class='ocrx_word' id='word_1_180' title='bbox 1037 1413 1223 1463; x_wconf 81' lang='lat' dir='ltr'><strong>pernicic-</strong></span> 
     </span>
     <span class='ocr_line' id='line_1_25' title="bbox 96 1467 318 1505; baseline -0.009 0"><span class='ocrx_word' id='word_1_181' title='bbox 96 1479 161 1505; x_wconf 89' lang='lat' dir='ltr'><strong>sus</strong></span> <span class='ocrx_word' id='word_1_182' title='bbox 179 1467 318 1504; x_wconf 78' lang='lat' dir='ltr'><strong>meus!</strong></span> 
     </span>
    </p>

    <p class='ocr_par' dir='ltr' id='par_1_4' title="bbox 90 1519 1222 2282">
     <span class='ocr_line' id='line_1_26' title="bbox 151 1519 1219 1572; baseline 0.001 -13"><span class='ocrx_word' id='word_1_183' title='bbox 151 1520 253 1559; x_wconf 82' lang='lat' dir='ltr'>VII.</span> <span class='ocrx_word' id='word_1_184' title='bbox 283 1520 445 1558; x_wconf 84' lang='lat' dir='ltr'><strong>Adeone</strong></span> <span class='ocrx_word' id='word_1_185' title='bbox 467 1519 655 1570; x_wconf 71' lang='lat' dir='ltr'><strong>pudorem</strong></span> <span class='ocrx_word' id='word_1_186' title='bbox 681 1533 770 1558; x_wconf 89' lang='lat' dir='ltr'><strong>cum</strong></span> <span class='ocrx_word' id='word_1_187' title='bbox 800 1519 983 1571; x_wconf 83' lang='lat' dir='ltr'><strong>pudicitia</strong></span> <span class='ocrx_word' id='word_1_188' title='bbox 1008 1521 1219 1572; x_wconf 83' lang='lat' dir='ltr'><strong>perdidisti,</strong></span> 
     </span>
     <span class='ocr_line' id='line_1_27' title="bbox 96 1574 1222 1635; baseline 0.001 -22"><span class='ocrx_word' id='word_1_189' title='bbox 96 1581 141 1613; x_wconf 90' lang='lat' dir='ltr'><strong>ut</strong></span> <span class='ocrx_word' id='word_1_190' title='bbox 158 1574 260 1614; x_wconf 85' lang='lat' dir='ltr'><strong>hoc</strong></span> <span class='ocrx_word' id='word_1_191' title='bbox 248 1587 289 1612; x_wconf 87' lang='lat' dir='ltr'><strong>m</strong></span> <span class='ocrx_word' id='word_1_192' title='bbox 309 1588 353 1613; x_wconf 90' lang='lat' dir='ltr'><strong>eo</strong></span> <span class='ocrx_word' id='word_1_193' title='bbox 371 1575 515 1635; x_wconf 72' lang='lat' dir='ltr'><strong>templo</strong></span> <span class='ocrx_word' id='word_1_194' title='bbox 534 1574 694 1612; x_wconf 64' lang='lat' dir='ltr'><strong>dicere‘*</strong></span> <span class='ocrx_word' id='word_1_195' title='bbox 675 1588 789 1612; x_wconf 81' lang='lat' dir='ltr'><strong>ausus</strong></span> <span class='ocrx_word' id='word_1_196' title='bbox 809 1589 871 1621; x_wconf 80' lang='grc'>515,</span> <span class='ocrx_word' id='word_1_197' title='bbox 887 1575 927 1612; x_wconf 78' lang='grc'><strong>111</strong></span> <span class='ocrx_word' id='word_1_198' title='bbox 940 1589 1017 1627; x_wconf 87' lang='lat' dir='ltr'><strong>quo</strong></span> <span class='ocrx_word' id='word_1_199' title='bbox 1031 1589 1101 1626; x_wconf 78' lang='lat' dir='ltr'><strong>ego</strong></span> <span class='ocrx_word' id='word_1_200' title='bbox 1113 1589 1222 1614; x_wconf 55' lang='lat' dir='ltr'><strong>senar</strong></span> 
     </span>
     <span class='ocr_line' id='line_1_28' title="bbox 95 1629 1221 1681; baseline 0.001 -13"><span class='ocrx_word' id='word_1_201' title='bbox 95 1636 182 1668; x_wconf 88' lang='lat' dir='ltr'><strong>tum</strong></span> <span class='ocrx_word' id='word_1_202' title='bbox 207 1629 336 1675; x_wconf 78' lang='lat' dir='ltr'><strong>illum,</strong></span> <span class='ocrx_word' id='word_1_203' title='bbox 357 1629 424 1679; x_wconf 90' lang='lat' dir='ltr'><strong>qui</strong></span> <span class='ocrx_word' id='word_1_204' title='bbox 444 1629 639 1680; x_wconf 79' lang='lat' dir='ltr'><strong>quondam</strong></span> <span class='ocrx_word' id='word_1_205' title='bbox 658 1629 796 1667; x_wconf 83' lang='lat' dir='ltr'><strong>florens</strong></span> <span class='ocrx_word' id='word_1_206' title='bbox 819 1630 902 1667; x_wconf 79' lang='lat' dir='ltr'><strong>orbi</strong></span> <span class='ocrx_word' id='word_1_207' title='bbox 920 1636 1107 1668; x_wconf 81' lang='lat' dir='ltr'><strong>terrarum</strong></span> <span class='ocrx_word' id='word_1_208' title='bbox 1122 1644 1221 1681; x_wconf 71' lang='grc'>11100-</span> 
     </span>
     <span class='ocr_line' id='line_1_29' title="bbox 94 1683 1219 1735; baseline 0.001 -13"><span class='ocrx_word' id='word_1_209' title='bbox 94 1683 256 1730; x_wconf 87' lang='lat' dir='ltr'><strong>sidebat,</strong></span> <span class='ocrx_word' id='word_1_210' title='bbox 277 1683 548 1728; x_wconf 77' lang='lat' dir='ltr'><strong>consulebam;</strong></span> <span class='ocrx_word' id='word_1_211' title='bbox 580 1690 622 1721; x_wconf 89' lang='lat' dir='ltr'><strong>tu</strong></span> <span class='ocrx_word' id='word_1_212' title='bbox 641 1683 817 1722; x_wconf 89' lang='lat' dir='ltr'><strong>homines</strong></span> <span class='ocrx_word' id='word_1_213' title='bbox 836 1684 1110 1735; x_wconf 83' lang='lat' dir='ltr'><strong>perditissimos</strong></span> <span class='ocrx_word' id='word_1_214' title='bbox 1130 1698 1219 1723; x_wconf 87' lang='lat' dir='ltr'><strong>cum</strong></span> 
     </span>
     <span class='ocr_line' id='line_1_30' title="bbox 94 1737 1219 1790; baseline 0.001 -14"><span class='ocrx_word' id='word_1_215' title='bbox 94 1737 233 1789; x_wconf 88' lang='lat' dir='ltr'><strong>gladiis</strong></span> <span class='ocrx_word' id='word_1_216' title='bbox 263 1737 482 1776; x_wconf 64' lang='lat' dir='ltr'><strong>collocasti?</strong></span> <span class='ocrx_word' id='word_1_217' title='bbox 519 1739 579 1775; x_wconf 88' lang='lat' dir='ltr'><strong>At</strong></span> <span class='ocrx_word' id='word_1_218' title='bbox 609 1737 724 1775; x_wconf 85' lang='lat' dir='ltr'><strong>etiam</strong></span> <span class='ocrx_word' id='word_1_219' title='bbox 751 1752 866 1776; x_wconf 83' lang='lat' dir='ltr'><strong>ausus</strong></span> <span class='ocrx_word' id='word_1_220' title='bbox 890 1752 928 1777; x_wconf 89' lang='lat' dir='ltr'><strong>es</strong></span> <span class='ocrx_word' id='word_1_221' title='bbox 954 1739 1067 1790; x_wconf 87' lang='lat' dir='ltr'><strong>(quid</strong></span> <span class='ocrx_word' id='word_1_222' title='bbox 1089 1746 1219 1777; x_wconf 88' lang='lat' dir='ltr'><strong>autem</strong></span> 
     </span>
     <span class='ocr_line' id='line_1_31' title="bbox 93 1791 1220 1845; baseline -0.001 -13"><span class='ocrx_word' id='word_1_223' title='bbox 93 1799 165 1840; x_wconf 83' lang='lat' dir='ltr'><strong>est,</strong></span> <span class='ocrx_word' id='word_1_224' title='bbox 187 1791 292 1844; x_wconf 87' lang='lat' dir='ltr'><strong>quod</strong></span> <span class='ocrx_word' id='word_1_225' title='bbox 316 1799 357 1830; x_wconf 90' lang='lat' dir='ltr'><strong>tu</strong></span> <span class='ocrx_word' id='word_1_226' title='bbox 385 1804 463 1830; x_wconf 83' lang='lat' dir='ltr'><strong>non</strong></span> <span class='ocrx_word' id='word_1_227' title='bbox 485 1791 625 1830; x_wconf 75' lang='lat' dir='ltr'><strong>audeas</strong></span> <span class='ocrx_word' id='word_1_228' title='bbox 642 1794 677 1837; x_wconf 73' lang='grc' dir='ltr'><strong>Ρ)</strong></span> <span class='ocrx_word' id='word_1_229' title='bbox 707 1792 851 1830; x_wconf 86' lang='lat' dir='ltr'><strong>clivum</strong></span> <span class='ocrx_word' id='word_1_230' title='bbox 874 1792 1137 1845; x_wconf 84' lang='lat' dir='ltr'><strong>Capitolinum</strong></span> <span class='ocrx_word' id='word_1_231' title='bbox 1161 1793 1220 1831; x_wconf 90' lang='lat' dir='ltr'><strong>di-</strong></span> 
     </span>
     <span class='ocr_line' id='line_1_32' title="bbox 92 1844 1219 1897; baseline 0.001 -13"><span class='ocrx_word' id='word_1_232' title='bbox 92 1844 191 1894; x_wconf 76' lang='lat' dir='ltr'><strong>cere,</strong></span> <span class='ocrx_word' id='word_1_233' title='bbox 217 1859 281 1884; x_wconf 91' lang='lat' dir='ltr'><strong>me</strong></span> <span class='ocrx_word' id='word_1_234' title='bbox 300 1846 468 1892; x_wconf 84' lang='lat' dir='ltr'><strong>consule,</strong></span> <span class='ocrx_word' id='word_1_235' title='bbox 488 1847 649 1897; x_wconf 75' lang='lat' dir='ltr'><strong>plenum</strong></span> <span class='ocrx_word' id='word_1_236' title='bbox 672 1859 869 1885; x_wconf 84' lang='lat' dir='ltr'><strong>servorum</strong></span> <span class='ocrx_word' id='word_1_237' title='bbox 896 1855 1132 1885; x_wconf 82' lang='lat' dir='ltr'><strong>armatorum</strong></span> <span class='ocrx_word' id='word_1_238' title='bbox 1157 1847 1219 1885; x_wconf 89' lang='lat' dir='ltr'><strong>fu-</strong></span> 
     </span>
     <span class='ocr_line' id='line_1_33' title="bbox 92 1899 1220 1949; baseline 0 -9"><span class='ocrx_word' id='word_1_239' title='bbox 92 1899 178 1940; x_wconf 84' lang='lat' dir='ltr'><strong>isse.</strong></span> <span class='ocrx_word' id='word_1_240' title='bbox 199 1901 265 1940; x_wconf 76' lang='lat' dir='ltr'><strong>‘Ut</strong></span> <span class='ocrx_word' id='word_1_241' title='bbox 285 1900 353 1938; x_wconf 78' lang='lat' dir='ltr'><strong>issa</strong></span> <span class='ocrx_word' id='word_1_242' title='bbox 377 1900 520 1947; x_wconf 85' lang='lat' dir='ltr'><strong>(credo)</strong></span> <span class='ocrx_word' id='word_1_243' title='bbox 539 1901 685 1939; x_wconf 81' lang='lat' dir='ltr'><strong>nefaria</strong></span> <span class='ocrx_word' id='word_1_244' title='bbox 710 1902 1053 1940; x_wconf 64' lang='lat' dir='ltr'><strong>senatus—consulta</strong></span> <span class='ocrx_word' id='word_1_245' title='bbox 1071 1902 1220 1949; x_wconf 88' lang='lat' dir='ltr'><strong>fierent,</strong></span> 
     </span>
     <span class='ocr_line' id='line_1_34' title="bbox 94 1955 1221 2010; baseline 0 -16"><span class='ocrx_word' id='word_1_246' title='bbox 94 1955 175 1994; x_wconf 81' lang='lat' dir='ltr'><strong>vim</strong></span> <span class='ocrx_word' id='word_1_247' title='bbox 195 1955 400 1994; x_wconf 85' lang='lat' dir='ltr'><strong>afferebam</strong></span> <span class='ocrx_word' id='word_1_248' title='bbox 416 1955 576 1994; x_wconf 85' lang='lat' dir='ltr'><strong>senatui.</strong></span> <span class='ocrx_word' id='word_1_249' title='bbox 606 1955 645 1994; x_wconf 93' lang='grc' dir='ltr'>Ο</span> <span class='ocrx_word' id='word_1_250' title='bbox 660 1955 956 2001; x_wconf 75' lang='lat' dir='ltr'><strong>miserum,&#39;sive</strong></span> <span class='ocrx_word' id='word_1_251' title='bbox 967 1956 1116 2010; x_wconf 65' lang='lat' dir='ltr'><strong>illatibi</strong></span> <span class='ocrx_word' id='word_1_252' title='bbox 1130 1963 1221 1994; x_wconf 85' lang='lat' dir='ltr'><strong>nota</strong></span> 
     </span>
     <span class='ocr_line' id='line_1_35' title="bbox 93 2009 1222 2061; baseline 0.001 -14"><span class='ocrx_word' id='word_1_253' title='bbox 93 2018 290 2057; x_wconf 68' lang='grc'>1101150111,</span> <span class='ocrx_word' id='word_1_254' title='bbox 312 2009 427 2053; x_wconf 88' lang='lat' dir='ltr'><strong>(nihil</strong></span> <span class='ocrx_word' id='word_1_255' title='bbox 445 2009 546 2048; x_wconf 86' lang='lat' dir='ltr'><strong>enim</strong></span> <span class='ocrx_word' id='word_1_256' title='bbox 567 2010 658 2048; x_wconf 86' lang='lat' dir='ltr'><strong>boni</strong></span> <span class='ocrx_word' id='word_1_257' title='bbox 675 2009 794 2057; x_wconf 75' lang='lat' dir='ltr'><strong>nosti)</strong></span> <span class='ocrx_word' id='word_1_258' title='bbox 813 2010 892 2048; x_wconf 75' lang='lat' dir='ltr'><strong>sive</strong></span> <span class='ocrx_word' id='word_1_259' title='bbox 911 2017 1013 2057; x_wconf 85' lang='lat' dir='ltr'><strong>sunt,</strong></span> <span class='ocrx_word' id='word_1_260' title='bbox 1035 2010 1103 2061; x_wconf 89' lang='lat' dir='ltr'><strong>qui</strong></span> <span class='ocrx_word' id='word_1_261' title='bbox 1117 2009 1222 2061; x_wconf 86' lang='lat' dir='ltr'><strong>apud</strong></span> 
     </span>
     <span class='ocr_line' id='line_1_36' title="bbox 93 2064 1220 2117; baseline 0 -15"><span class='ocrx_word' id='word_1_262' title='bbox 93 2064 190 2102; x_wconf 55' lang='lat' dir='ltr'><strong>tales</strong></span> <span class='ocrx_word' id='word_1_263' title='bbox 200 2065 301 2104; x_wconf 58' lang='lat' dir='ltr'><strong>vinos</strong></span> <span class='ocrx_word' id='word_1_264' title='bbox 313 2071 393 2103; x_wconf 86' lang='lat' dir='ltr'><strong>tam</strong></span> <span class='ocrx_word' id='word_1_265' title='bbox 407 2065 652 2117; x_wconf 78' lang='lat' dir='ltr'><strong>impudenter</strong></span> <span class='ocrx_word' id='word_1_266' title='bbox 663 2065 846 2117; x_wconf 76' lang='lat' dir='ltr'><strong>loquare!</strong></span> <span class='ocrx_word' id='word_1_267' title='bbox 877 2064 977 2111; x_wconf 80' lang='lat' dir='ltr'><strong>Quis</strong></span> <span class='ocrx_word' id='word_1_268' title='bbox 990 2064 1092 2102; x_wconf 89' lang='lat' dir='ltr'><strong>enim</strong></span> <span class='ocrx_word' id='word_1_269' title='bbox 1105 2077 1220 2116; x_wconf 89' lang='lat' dir='ltr'><strong>eques</strong></span> 
     </span>
     <span class='ocr_line' id='line_1_37' title="bbox 92 2118 1220 2183; baseline -0.003 -24"><span class='ocrx_word' id='word_1_270' title='bbox 92 2120 313 2167; x_wconf 76' lang='lat' dir='ltr'><strong>Romarms,</strong></span> <span class='ocrx_word' id='word_1_271' title='bbox 337 2120 423 2172; x_wconf 88' lang='lat' dir='ltr'><strong>quis</strong></span> <span class='ocrx_word' id='word_1_272' title='bbox 449 2123 604 2183; x_wconf 72' lang='grc'>(11150101-</span> <span class='ocrx_word' id='word_1_273' title='bbox 631 2127 684 2167; x_wconf 83' lang='grc'><strong>10)</strong></span> <span class='ocrx_word' id='word_1_274' title='bbox 712 2119 929 2157; x_wconf 84' lang='lat' dir='ltr'><strong>adolescens</strong></span> <span class='ocrx_word' id='word_1_275' title='bbox 955 2118 1108 2167; x_wconf 82' lang='lat' dir='ltr'><strong>nobilis,</strong></span> <span class='ocrx_word' id='word_1_276' title='bbox 1133 2118 1220 2170; x_wconf 90' lang='lat' dir='ltr'><strong>quis</strong></span> 
     </span>
     <span class='ocr_line' id='line_1_38' title="bbox 93 2174 1220 2228; baseline -0.004 -13"><span class='ocrx_word' id='word_1_277' title='bbox 93 2175 212 2215; x_wconf 67' lang='lat' dir='ltr'><strong>unius</strong></span> <span class='ocrx_word' id='word_1_278' title='bbox 223 2175 386 2223; x_wconf 68' lang='lat' dir='ltr'><strong>ordinis,</strong></span> <span class='ocrx_word' id='word_1_279' title='bbox 402 2175 471 2228; x_wconf 85' lang='lat' dir='ltr'><strong>qui</strong></span> <span class='ocrx_word' id='word_1_280' title='bbox 490 2189 530 2215; x_wconf 87' lang='lat' dir='ltr'><strong>se</strong></span> <span class='ocrx_word' id='word_1_281' title='bbox 548 2175 670 2214; x_wconf 85' lang='lat' dir='ltr'><strong>civem</strong></span> <span class='ocrx_word' id='word_1_282' title='bbox 689 2174 938 2221; x_wconf 85' lang='lat' dir='ltr'><strong>meminisset,</strong></span> <span class='ocrx_word' id='word_1_283' title='bbox 958 2186 1048 2212; x_wconf 89' lang='lat' dir='ltr'><strong>cum</strong></span> <span class='ocrx_word' id='word_1_284' title='bbox 1067 2180 1220 2212; x_wconf 85' lang='lat' dir='ltr'><strong>senatus</strong></span> 
     </span>
     <span class='ocr_line' id='line_1_39' title="bbox 90 2225 1221 2282; baseline -0.004 -13"><span class='ocrx_word' id='word_1_285' title='bbox 90 2229 134 2268; x_wconf 82' lang='lat' dir='ltr'><strong>in</strong></span> <span class='ocrx_word' id='word_1_286' title='bbox 152 2229 225 2269; x_wconf 84' lang='lat' dir='ltr'><strong>hoc</strong></span> <span class='ocrx_word' id='word_1_287' title='bbox 237 2229 382 2282; x_wconf 84' lang='lat' dir='ltr'><strong>templo</strong></span> <span class='ocrx_word' id='word_1_288' title='bbox 394 2236 502 2279; x_wconf 83' lang='lat' dir='ltr'><strong>esset,</strong></span> <span class='ocrx_word' id='word_1_289' title='bbox 519 2230 560 2268; x_wconf 85' lang='lat' dir='ltr'><strong>in</strong></span> <span class='ocrx_word' id='word_1_290' title='bbox 571 2230 672 2268; x_wconf 77' lang='lat' dir='ltr'><strong>clivo</strong></span> <span class='ocrx_word' id='word_1_291' title='bbox 682 2228 904 2280; x_wconf 85' lang='lat' dir='ltr'><strong>Capitolino</strong></span> <span class='ocrx_word' id='word_1_292' title='bbox 913 2239 995 2266; x_wconf 87' lang='lat' dir='ltr'><strong>non</strong></span> <span class='ocrx_word' id='word_1_293' title='bbox 1008 2227 1083 2266; x_wconf 86' lang='lat' dir='ltr'><strong>fuit</strong></span> <span class='ocrx_word' id='word_1_294' title='bbox 1097 2225 1133 2266; x_wconf 77' lang='grc' dir='ltr'>Ρ</span> <span class='ocrx_word' id='word_1_295' title='bbox 1116 2226 1221 2281; x_wconf 79' lang='lat' dir='ltr'><strong>quis</strong></span> 
     </span>
    </p>
   </div>
  </div>
 </body>
</html>
