1509 2397
205 72 256 109 80
366 69 482 108 PRO
511 69 760 109 MILONE.
816 68 1166 109 ARGUMENT.

208 183 299 215 runt
331 176 469 225 dicere,
499 178 657 230 Appius
679 178 817 227 major,
848 185 886 216 et
902 178 965 216 M.
983 177 1198 227 Antonius,
1222 183 1260 216 et
1278 177 1326 217 P.

209 231 388 269 Valerius
403 232 535 282 Nepos
550 246 560 269 ε
590 232 652 270 usi
666 240 756 270 sunt
770 244 818 270 ex
836 232 921 283 lege
937 231 1040 270 horis
1058 231 1220 270 duabus.

263 285 479 336 Respondit
496 285 556 330 his
574 299 674 324 unus
697 286 758 324 M.
782 284 928 324 Cicero.
970 285 1039 334 Et,
1060 298 1149 323 cum
1168 284 1329 337 quibus-

208 338 300 377 dam
318 339 536 392 placuisset,
551 340 605 378 ita
624 339 776 378 defendi
788 339 943 387 crimen,
959 339 1120 378 interfici
1132 339 1328 389 Clodium,

210 406 281 444 pro
298 405 340 431 re
357 394 514 444 public&
531 394 647 432 fuisse
671 397 807 445 (quam
825 393 991 432 formam
1018 393 1081 431 M.
1102 394 1252 432 Brutus
1270 406 1330 432 se-

210 454 322 485 cutus
341 455 396 485 est
414 447 454 485 in
485 448 530 486 est
555 447 736 495 oratione,
761 460 880 499 quam
909 460 979 499 pro
998 446 1150 486 Milone
1175 460 1332 499 compo-

209 501 300 549 suit,
332 508 368 539 et
401 501 533 549 edidit,
566 502 742 553 quamvis
769 514 847 540 non
877 501 1056 552 egisset);
1087 501 1260 540 Ciceroni
1290 501 1333 540 id

209 566 287 593 non
309 555 469 606 placuit,
489 556 607 607 quod,
628 568 720 603 non,
751 555 819 607 qui
836 557 938 594 bono
959 555 1115 606 publico
1139 555 1330 605 damnari,

208 608 313 647 idem
332 609 447 647 etiarn
466 609 586 647 occidi
602 610 861 657 indemnatus,
881 616 1018 660 posset.
1067 608 1220 661 Itaque,
1241 623 1332 648 cum

209 662 366 707 insidias
394 663 587 701 Milonem
621 663 757 702 Clodio
785 662 915 701 fecisse
944 662 1158 714 posuissent
1183 676 1335 702 accusa-

211 724 324 764 tores,
345 717 438 768 quia
455 717 597 755 falsum
617 717 657 755 id
685 724 778 766 erat,
800 720 908 760 (nam
926 716 1023 756 forte
1041 716 1110 754 illa
1127 716 1212 755 rixa
1230 730 1335 756 com-

210 770 474 818 missafuerat)
485 770 619 810 Cicero
633 771 884 823 apprehendit
897 784 909 816 ς
930 778 981 818 et,
993 778 1136 817 contra,
1149 770 1334 810 Clodium

211 824 357 862 Miloni
374 825 504 863 fecisse
522 825 678 863 insidias
699 825 933 877 disputavit3
964 837 1084 876 eoque
1105 832 1186 863 tota
1212 826 1333 865 oratio

212 879 296 928 ejus
315 879 498 929 spectavit
511 894 522 916 ε
545 879 610 917 sed
628 879 683 917 ita
701 879 881 926 constitit,
902 886 947 916 ut
960 878 1146 927 diximus,
1162 880 1336 919 neutrius

213 932 370 971 consilio
388 941 605 984 pugnatum
637 946 716 972 esse
743 946 788 971 eo
817 933 894 981 die,
918 945 1053 970 verum
1082 933 1180 972 forte
1204 945 1335 972 occur-

211 986 329 1032 risse;
361 999 409 1025 ex
428 986 474 1024 e&
500 987 586 1024 rix&
603 1000 798 1025 servorum
829 986 877 1024 ad
901 999 986 1024 eam
1012 986 1154 1025 caedem
1173 1000 1335 1039 perven-

211 1046 309 1078 tum.
354 1040 505 1078 Notum
525 1048 654 1079 tamen
684 1049 776 1089 erat,
810 1048 1018 1093 utrumque
1042 1048 1206 1079 mortem
1226 1041 1335 1080 alteri

213 1107 312 1145 saepe
330 1094 523 1132 minatum
546 1108 648 1133 esse:
680 1104 731 1142 et,
766 1095 862 1133 sieut
893 1102 1111 1146 suspectum
1139 1095 1335 1134 Milonem

212 1149 350 1198 major,
371 1161 488 1199 quam
510 1149 650 1195 Clodii,
669 1149 817 1187 familia
843 1148 1019 1197 faciebat,
1047 1148 1103 1186 ita
1127 1149 1338 1201 expeditior

212 1210 249 1240 et
269 1202 434 1253 paratior
452 1202 501 1240 ad
519 1215 693 1254 pugnam
725 1201 1003 1242 Clodianorum
1030 1215 1147 1254 quam
1174 1203 1338 1242 Milonis

213 1256 350 1294 fuerat.

269 1308 404 1348 Cicero
436 1323 525 1349 cum
554 1311 736 1362 inciperet
765 1310 902 1372 dicere,
934 1317 1115 1371 exceptus
1141 1318 1198 1349 est
1215 1312 1337 1350 accla-

210 1364 378 1402 matione
398 1363 688 1411 Clodianorum,
710 1365 778 1416 qui
797 1378 836 1403 se
855 1364 1045 1403 continere
1063 1377 1112 1403 ne
1129 1377 1237 1403 metu
1249 1366 1336 1418 qui-

211 1418 300 1457 dem
319 1418 644 1457 circumstantium
663 1419 833 1457 militum
852 1425 1088 1471 potuerunt:
1108 1418 1240 1471 itaque
1256 1432 1335 1458 non

213 1485 273 1522 ea,
294 1486 372 1524 qua
390 1473 522 1511 solitus
541 1480 633 1518 erat,
651 1473 861 1511 constantia
879 1472 988 1511 dixit.

281 1527 421 1565 Manet
450 1534 580 1565 autem
609 1527 676 1565 illa
710 1540 864 1579 quoque
892 1534 1049 1579 excepta
1081 1528 1164 1577 ejus
1191 1528 1337 1567 oratio:

213 1581 364 1631 scripsit
379 1594 467 1619 vero
481 1581 594 1630 hanc,
610 1593 730 1633 quam
743 1581 922 1633 legimus,
937 1581 992 1620 ita
1004 1581 1182 1634 perfecte,
1195 1589 1241 1620 ut
1253 1584 1342 1634 jure

211 1634 339 1685 prima
355 1634 488 1674 haberi
505 1635 634 1687 possit.
