1509 2397
362 73 702 114 PHILIPPICA
733 75 766 113 Ι.
798 74 904 113 CAP.
934 75 973 111 8.
1147 72 1224 110 189

111 187 248 226 erunt;
277 193 365 232 quae
393 183 458 221 isse
482 183 524 221 in
556 196 606 221 aes
628 183 775 231 incidit,
801 183 842 220 in
865 196 943 234 quo
965 180 1100 233 populi
1122 181 1229 230 jussa

108 237 517 288 perpetuasque'leges
541 250 620 275 esse
638 236 772 285 voluit,
797 250 867 288 pro
886 236 1007 274 nihilo
1028 235 1229 273 habebun-

109 295 174 326 tur
188 291 205 327 ?

112 362 115 363 ⁷
163 342 359 394 Equidem
388 344 440 382 sic
469 344 671 383 existimo:
708 344 806 382 nihil
836 351 916 381 tam
949 356 1028 381 esse
1063 342 1105 380 in
1135 342 1229 380 actis

110 395 283 444 Caesaris,
315 411 434 449 quam
462 399 564 449 leges
589 399 760 437 Caesaris.
789 398 872 445 An,
900 398 932 436 si
960 397 1022 435 cui
1052 396 1145 447 quid
1164 396 1230 433 ille

107 450 295 501 promisit,
323 452 364 490 id
394 453 465 490 erit
486 453 610 490 fixum
624 455 642 492 Ρ
673 452 777 504 quod
795 452 897 490 idem
916 452 1039 489 facere
1061 462 1138 488 non
1161 462 1231 500 po-

108 504 197 551 tuit,
233 512 278 542 ut
306 506 438 544 multis
474 507 599 544 multa
630 506 817 558 promissa
848 518 925 544 non
958 504 1110 543 fecerit:
1143 517 1230 554 quae

109 564 237 596 tamen
255 560 380 598 multo
407 561 519 612 plura
540 561 608 599 1110
636 568 789 599 mortuo
810 567 960 611 reperta
984 566 1088 604 sunt,
1111 570 1230 609 quam

109 611 196 650 vivo
213 614 396 652 beneficia
413 628 481 666 per
499 627 631 653 omnes
659 628 777 653 annos
795 615 939 653 tributa
958 620 995 651 et
1020 613 1121 650 data.
1152 611 1229 650 Sed

106 679 155 704 ea
173 679 251 704 non
269 676 393 716 muto,
409 681 486 707 non
504 682 664 707 moveo:
691 682 842 707 summo
861 668 976 706 etiam
996 667 1122 705 studio
1133 679 1232 717 prae-

110 720 212 758 clara
237 721 341 760 iuius
364 730 447 761 acta
472 723 646 762 defendo.
678 724 846 762 Pecunia
877 723 1028 760 utinam
1054 721 1104 759 ad
1134 719 1234 770 Opis

112 776 308 813 maneret!
341 784 495 815 cruenta
519 778 587 816 issa
616 778 787 829 quidem,
813 776 879 815 sed
908 776 968 814 his
997 774 1235 826 temporibus

111 829 312 878 (quoniam
330 831 403 879 his,
425 841 595 883 quorum·
609 840 678 878 est,
693 844 770 869 non
789 830 976 877 redditur)
996 828 1203 867 necessaria
1216 842 1228 865 ε

111 895 363 934 quamquam,
392 898 436 923 ea
454 898 607 937 quoque
626 886 675 924 sit
692 886 826 932 effusa,
848 885 878 924 si
897 885 950 922 ita
968 884 1008 921 in
1035 883 1126 921 actis
1145 882 1232 920 fuit.

109 935 264 988 Ecquid
282 945 352 986 est,
367 940 471 990 quod
488 947 569 977 tam
588 941 740 991 proprie
758 940 832 978 dici
849 939 967 991 possit
986 945 1115 976 actum
1131 937 1229 986 ejus,

106 990 179 1041 qui
199 998 351 1042 togatus
375 993 416 1030 in
435 1007 476 1032 re
497 995 653 1045 publica
678 1007 766 1032 cum
791 1000 976 1045 potestate
996 991 1234 1043 imperioque

109 1052 278 1084 versatus
298 1046 359 1095 sit,
379 1061 497 1099 quam
516 1048 608 1087 lex?
639 1048 780 1096 Quaere
810 1055 892 1086 acta
912 1046 1100 1091 Gracchi3
1130 1046 1234 1095 leges

111 1098 348 1150 Semproniae
383 1103 643 1153 proferentur:
687 1115 814 1154 quaere
851 1101 998 1147 Suuae3
1030 1099 1230 1139 Corneliae.

106 1152 221 1200 Quid
234 1154 252 1191 ἶ)
293 1155 365 1193 Cn.
398 1157 575 1208 Pompeii
604 1157 737 1195 tertius
768 1157 987 1195 consulatus
1017 1155 1059 1192 in
1090 1153 1232 1205 quibus

111 1208 204 1245 actis
223 1210 420 1248 constitit?
450 1223 588 1262 nempe
610 1211 651 1249 in
669 1212 830 1262 legibus.
859 1211 896 1248 A
932 1209 1081 1249 Caesare
1100 1209 1183 1259 ipso
1203 1207 1235 1244 si

111 1274 313 1312 quaereres,
336 1264 521 1314 quidnam
541 1265 728 1316 egissetin
741 1266 848 1303 Urbe
868 1272 906 1302 et
923 1264 964 1301 in
984 1263 1073 1313 toga
1090 1276 1101 1306 ;
1132 1263 1234 1311 leges
1267 1305 1272 1308 ἡ

109 1316 254 1354 multas
272 1318 514 1368 responderet
533 1332 571 1357 se
591 1326 628 1357 et
645 1319 844 1370 praeclaras
856 1318 1010 1356 tulisse:
1041 1316 1237 1366 chirogra-

112 1368 191 1420 pha
210 1383 297 1408 vero
315 1379 382 1408 aut
400 1379 580 1421 mutaret,
609 1380 675 1410 aut
694 1385 771 1410 non
796 1373 926 1410 daret:
959 1378 1039 1417 aut,
1062 1371 1092 1408 si
1111 1369 1236 1408 dedis-

111 1430 181 1469 set,
201 1436 278 1461 non
297 1424 386 1463 istas
415 1439 474 1463 res
497 1426 537 1464 in
568 1427 661 1464 actis
690 1427 768 1464 suis
787 1427 952 1464 duceret.
983 1425 1058 1464 Sed
1077 1438 1122 1462 ea
1150 1424 1235 1475 ipsa

113 1478 301 1516 concedo:
332 1480 563 1530 quibusdam
593 1480 634 1518 in
663 1482 776 1518 rebus
808 1481 924 1518 etiam
957 1479 1163 1517 conniveo:
1193 1477 1235 1514 in

112 1531 294 1570 maximis
323 1546 411 1571 vero
440 1536 566 1580 rebus,
601 1534 641 1571 id
671 1542 739 1583 est,
771 1534 934 1585 legibus,
965 1540 1049 1570 acta
1075 1531 1234 1570 Caesaris

110 1584 282 1633 dissolvi,
302 1586 503 1625 ferendum
522 1601 599 1626 non
618 1595 725 1639 puto.

170 1639 298 1679 VIII.
328 1640 430 1688 Quae
447 1643 511 1680 lex
535 1643 683 1691 melior,
715 1642 858 1691 utilior,
878 1639 1024 1693 optima
1043 1640 1158 1679 etiam
1176 1652 1239 1678 re-

113 1694 271 1745 publica
299 1695 438 1747 saepius
467 1696 650 1747 flagitata,
683 1709 817 1748 quam,
851 1709 900 1734 ne
928 1695 1114 1747 praetmiae
1145 1707 1236 1746 pro-

114 1747 247 1786 vinciae
260 1749 348 1800 plus
367 1763 486 1801 quam
504 1763 665 1797 annum,
681 1764 776 1789 neve
794 1751 881 1802 plus
897 1763 1015 1801 quam
1034 1749 1235 1787 biennium

113 1802 343 1851 consulares,
374 1805 666 1843 obtinerentur?
696 1805 783 1843 Hac
806 1806 889 1855 lege
908 1803 1075 1851 sublata,
1103 1803 1237 1841 viden-

115 1862 227 1894 turne
256 1857 363 1895 vobis
393 1866 478 1897 acta
507 1859 667 1897 Caesaris
693 1859 864 1898 servari?
895 1858 1038 1906 Quid?
1069 1857 1113 1895 eii
1135 1857 1234 1907 lege,

105 1923 203 1961 quae
220 1913 464 1962 promulgata
475 1921 530 1952 est
541 1914 588 1951 de
606 1913 888 1952 tertiaflecuria
904 1913 1095 1962 judicum,
1108 1923 1236 1948 nonne

114 1976 246 2002 omnes
272 1965 482 2014 judiciariae
517 1968 619 2018 leges
658 1968 818 2006 Caesaris
850 1967 1145 2004 dissolvuntur?
1181 1964 1236 2001 Et

115 2031 182 2056 vos
200 2025 284 2056 acta
304 2019 464 2059 Caesaris
487 2021 702 2070 defenditis,
723 2021 792 2073 qui
812 2022 914 2072 leges
933 2021 1016 2069 ejus
1035 2018 1200 2057 evertitis
1214 2020 1233 2056 Ρ

114 2072 191 2109 nisi
207 2072 318 2122 forte,
339 2074 372 2112 si
390 2075 484 2126 quid
497 2076 692 2114 memoriae
705 2075 821 2114 caus&
834 2074 965 2113 retulit
982 2074 1023 2111 in
1040 2073 1232 2119 libellum,

99 2124 158 2162 -id
185 2128 450 2170 numerabitur
477 2130 520 2168 in
547 2130 667 2178 actis;
697 2137 750 2180 et,
780 2128 956 2182 quamvis
985 2127 1169 2179 iniquum
1198 2133 1239 2166 et
