1509 2397
397 44 458 82 IN
490 43 760 82 PISONEM.
793 44 896 83 CAP.
919 46 955 81 2.
1183 43 1229 81 31

115 152 246 200 lustre,
267 152 331 190 sed
349 164 395 190 ne
409 161 543 189 notum
562 150 733 202 quidem,
754 151 898 189 factum
913 158 979 189 aut
998 149 1143 188 militiae
1161 158 1228 188 aut

115 207 231 244 domi.
260 205 472 256 Obrepsisti
490 205 538 242 ad
556 205 715 242 honores
734 217 856 242 errore
882 204 1098 251 hominum,
1126 216 1229 241 com-

114 259 355 297 mendatione
379 259 617 297 fumosarum
642 258 871 309 imaginum,
904 270 1070 309 quarum
1105 257 1228 295 simile

114 313 230 351 habes
243 312 353 358 nihil,
369 319 505 363 praeter
523 312 697 350 colorem.

160 366 201 403 Is
211 367 308 404 mihi
320 366 432 404 etiam
446 365 683 416 gloriabitur,
694 378 733 403 se
746 377 877 403 omnes
892 364 1135 415 magistratus
1148 363 1229 403 sine

113 418 265 470 repulsa
283 428 498 457 assecutum
514 422 531 457 ἓ
553 419 658 456 Mihi
676 420 748 456 ista
762 419 849 456 licet
867 419 913 456 de
932 431 1008 465 nie,
1030 418 1118 455 vera
1138 430 1227 456 cum

114 473 250 524 gloria,
266 473 491 524 praedicare:
522 485 655 510 omnes
668 473 769 510 enim
787 473 946 510 honores
964 471 1130 522 populus
1146 472 1229 509 Ro-

113 539 251 565 manus
269 527 366 564 mihi
383 527 470 577 ipsi,
483 526 631 564 homini
641 538 753 574 novo,
769 526 917 563 detulit.
947 526 1067 571 Nam,
1083 534 1126 562 tu
1139 537 1228 562 cum

113 588 278 632 quaestor
297 594 334 618 es
353 580 488 626 factus,
513 580 629 617 etiam
656 580 724 630 qui
751 588 788 617 te
815 591 1016 630 nunquam
1041 578 1226 626 viderant,

112 642 242 672 tamen
252 634 365 671 illum
377 634 559 671 honorem
571 633 715 671 nomini
729 633 963 670 mandabant
976 640 1054 670 tuo.
1084 632 1227 670 AEdffis

112 700 152 725 es
171 687 303 726 factus.
334 687 424 725 Piso
443 695 498 725 est
516 701 538 725 a
556 688 700 738 populo
716 687 893 724 Romano
911 686 1047 733 factus,
1063 697 1140 723 non
1158 685 1229 724 iste

115 740 217 779 Piso.
258 742 431 778 Praetura
448 741 540 779 item
558 741 766 789 majoribus
785 740 909 778 delata
928 747 982 778 est
1000 739 1088 776 tuis,
1130 739 1228 777 Noti

115 802 220 832 erant
250 795 307 832 illi
332 795 497 840 mortui;
528 802 565 832 te
592 794 724 831 vivum
750 794 922 832 nondum
952 800 1107 831 noverat
1126 792 1230 844 quis-

114 861 244 899 quam.
274 848 346 886 Me
364 861 451 885 cum
472 855 698 899 quaestorem
722 848 762 884 in
786 847 933 898 primis,
963 847 1113 884 aedilem
1130 846 1232 897 prio-

113 915 209 949 rem,
238 909 436 952 praetorem
467 902 651 952 primum,
672 902 816 939 cunctis
846 900 1034 951 suffragiis
1060 900 1229 951 populus

115 955 316 993 Romanus
330 955 511 1000 faciebat;
532 955 679 993 homini
692 955 757 993 ille
767 955 964 1001 honorem,
980 966 1056 991 non
1076 953 1226 1003 generi;

112 1009 296 1056 moribus,
312 1021 389 1046 non
406 1008 616 1058 majoribus
635 1008 751 1054 meis;
772 1007 903 1046 virtuti
920 1014 1137 1059 perspectae,
1150 1019 1228 1045 non

111 1063 251 1101 auditae
269 1062 472 1110 nobilitati,
487 1062 691 1100 deferebat.

179 1117 286 1154 Nam
318 1116 412 1168 quid
434 1129 502 1167 ego
527 1116 574 1154 de
597 1116 795 1154 consulatu
819 1116 955 1166 loquar
969 1117 987 1153 ?
1016 1121 1125 1166 parto
1155 1113 1225 1161 vis,

111 1182 210 1208 anne
228 1177 357 1220 gesto.
348 1172 364 1197 9
395 1170 586 1207 Miserum
604 1170 691 1207 me!
723 1182 812 1207 cum
830 1169 902 1207 hae
920 1182 982 1207 me
1000 1180 1103 1206 nunc
1121 1174 1227 1233 peste

113 1231 228 1275 atque
246 1224 332 1262 labe
350 1223 534 1265 confero?
563 1223 639 1261 Sed
657 1223 754 1260 nihil
769 1222 1014 1273 comparandi
1032 1234 1147 1259 causa
1169 1221 1227 1258 lo-

113 1290 233 1328 quar3
264 1285 303 1314 at
321 1284 449 1314 tamen
475 1274 532 1323 e'a,
560 1290 646 1327 quae
679 1283 768 1314 sunt
784 1275 1002 1325 longissime
1020 1275 1225 1322 disjuncta,

113 1329 446 1381 comprehendam.
487 1329 553 1367 Tu
572 1330 702 1367 consul
722 1342 760 1367 es
778 1329 1016 1366 renuntiatus
1038 1327 1152 1371 (nihil
1170 1327 1230 1364 (11-

112 1396 197 1422 cam
222 1383 388 1434 gravius,
408 1395 526 1433 quam
554 1383 657 1433 quod
675 1395 807 1420 omnes
826 1382 1008 1428 fatentur)
1035 1380 1230 1431 impeditis

111 1437 328 1488 reipublicae
347 1436 597 1487 temporibus,
618 1435 887 1474 dissidentibus
905 1434 1124 1474 consulibus
1143 1434 1229 1472 Cae-

115 1503 197 1528 sare
215 1498 252 1528 et
276 1491 566 1536 Bibu103cum
594 1489 666 1527 hoc
694 1501 770 1527 non
799 1501 1001 1535 recusares,
1021 1487 1116 1539 quin
1142 1487 1185 1534 ii,
1206 1500 1230 1525 a

112 1544 253 1595 quibus
264 1544 435 1582 dicebare
453 1544 598 1590 consul,
618 1550 656 1581 te
674 1543 758 1581 luce
772 1542 934 1593 dignum
944 1554 1022 1580 non
1032 1547 1227 1592 putarent,

113 1597 187 1635 11151
204 1598 376 1649 nequior,
392 1609 510 1648 quam
530 1596 732 1644 Gabinius,
746 1596 959 1635 exstitisses.
1002 1595 1074 1632 Me
1093 1601 1229 1632 cuncta

114 1651 244 1711 Italia,
263 1663 327 1688 me
344 1663 476 1688 omnes
503 1650 666 1697 ordines,
695 1663 759 1688 me
785 1650 961 1687 universa
986 1648 1129 1693 civitas,
1149 1660 1228 1685 non

114 1704 221 1756 prius
239 1703 379 1742 tabella
397 1714 515 1754 quam
533 1715 636 1751 voce,
662 1703 828 1753 priorem
852 1702 1046 1741 consulem
1061 1701 1228 1739 declara-

115 1757 183 1796 vit.

170 1811 228 1850 II.
258 1811 333 1850 Sed
351 1811 498 1859 omitto,
518 1819 563 1849 ut
581 1810 629 1849 sit
645 1810 769 1848 factus
787 1816 947 1861 uterque
960 1808 1157 1847 nostrum:
1179 1807 1229 1846 sit

117 1876 206 1903 sane
223 1865 318 1904 Fors
336 1865 492 1903 domina
511 1864 662 1915 Campi.
691 1863 1005 1914 Magnificentius
1016 1870 1071 1900 est
1089 1861 1227 1909 dicere,

116 1918 444 1973 quemadmodum
455 1918 682 1969 gesserimus
690 1917 944 1965 consulatum,
953 1928 1086 1968 quam,
1095 1927 1232 1966 quem-

118 1967 327 2010 admodum
346 1973 567 2023 ceperimus.

168 2025 256 2076 Ego
276 2025 454 2064 Calendis
471 2026 501 2064 J
502 2038 667 2063 anuarus
681 2031 869 2072 senatum,
889 2031 926 2062 et
943 2024 1062 2062 bonos
1080 2033 1228 2069 omnes,

115 2077 211 2128 legis
234 2079 423 2130 Agrariae,
453 2079 789 2129 maximarumque
823 2077 1084 2128 largitionum,
1121 2082 1230 2112 metu

116 2130 288 2171 liberavi.
317 2132 404 2184 Ego
421 2145 558 2184 agrum
573 2132 832 2184 Campanum,
848 2131 879 2171 si
891 2130 1011 2170 dividi
1029 2141 1105 2169 non
1119 2140 1231 2180 opor-
