1509 2397
342 67 687 109 PHILIPPICA
707 67 835 109 XIII.
867 68 975 109 CAP.
996 70 1035 109 9.
1121 100 1125 101 γ
1174 71 1257 116 377

121 177 326 217 dominum
345 184 384 217 et
400 184 613 230 tyrannum
633 178 912 230 comparabat?
942 177 1098 230 Itaque,
1118 177 1186 218 illo
1196 179 1258 218 in-

122 231 292 281 terfecto,
314 232 472 285 qualem
486 245 578 271 eum
595 232 637 270 in
653 245 722 272 nos
742 245 822 272 esse
841 232 977 282 voluit,
1001 233 1088 272 talis
1115 232 1198 286 ipse
1216 233 1259 274 in

123 293 276 326 πῖθι-οε
295 286 453 325 exstitit.

178 341 272 389 Qua
283 341 387 380 enim
402 341 443 380 in
455 340 633 380 barbaria
644 340 850 393 quisquam
863 347 942 379 tam
957 347 1064 390 teter,
1075 348 1156 380 tam
1172 355 1259 381 cru-

122 395 220 434 delis
236 402 437 448 tyrannus,
458 408 578 447 quam
597 395 638 433 in
656 396 729 434 hac
752 397 849 433 urbe
868 395 984 434 armis
1003 397 1258 435 barbarorum

122 449 284 501 stipatus
309 450 530 489 Antonius.
521 452 539 475 '2
570 450 720 488 Caesare
746 449 984 498 dominante,
1006 450 1256 490 veniebamus

120 504 162 542 in
182 512 373 553 senatum,
400 504 432 544 si
450 517 528 543 non
549 504 682 552 libere,
710 512 882 542 attamen
900 511 1010 542 tuto.
1041 503 1114 542 hoc
1132 504 1258 543 archi-

120 558 260 611 pirata,
292 558 406 611 (quid
430 559 533 597 enim
554 559 696 607 dicam,
725 566 888 610 tyranno
905 560 940 606 ?)
972 558 1055 596 haec
1074 559 1257 597 subsellia

121 614 171 652 ab
198 613 378 666 Ithyraeis
402 615 698 665 occupabantur.
730 613 913 665 Prorupit
932 612 1060 651 subito
1083 613 1257 651 Brundi-

120 667 238 716 sium,
258 676 303 706 ut
321 668 425 716 inde,
448 668 603 719 agmine
627 667 829 719 quadrato,
860 667 909 706 ad
928 667 1080 706 Urbem
1101 667 1257 706 accede-

119 730 202 761 ret:
233 722 496 761 lautissimum
519 722 722 774 oppidum,
754 734 859 760 nunc
881 720 1156 773 municipium,
1184 721 1255 760 ho-

118 777 425 816 nestissimorum
445 777 642 828 quondam
656 776 895 823 colonorum,
912 777 1108 823 Suessam,
1126 775 1255 814 fortis-

119 831 307 870 simorum
324 831 499 869 militum
523 831 711 882 sanguine
734 830 936 881 implevit:
967 829 1184 877 Brundisii,
1211 830 1254 868 in

118 884 221 934 sinu,
242 897 321 923 non
339 885 456 923 modo
476 885 723 932 avarissimae,
753 884 819 922 sed
842 884 959 922 etiam
980 883 1254 924 crudelissimae

117 940 263 985 uxoris,
287 939 451 978 delectos
471 939 628 977 Martiae
645 938 808 990 legionis
825 939 1065 977 centuriones
1084 938 1253 977 trucida-

116 993 184 1033 vit.
215 993 314 1032 Inde
334 1007 372 1032 se
391 1006 469 1046 quo
488 993 630 1040 furore,
659 1006 736 1045 quo
760 993 908 1041 ardore,
940 993 990 1031 ad
1016 993 1180 1041 Urbem,
1211 993 1253 1032 id

119 1055 192 1096 est,
211 1048 261 1087 ad
279 1048 423 1087 caedem
441 1048 579 1100 optimi
599 1048 801 1099 cujusque,
815 1048 1012 1099 rapiebat
1003 1047 1012 1071 ’
1046 1047 1138 1095 Quo
1153 1055 1253 1086 tem

118 1113 212 1154 pore
230 1103 301 1141 Dii
318 1102 587 1141 immortales
577 1102 652 1154 1psi
662 1102 907 1154 praesidium
897 1102 1153 1154 improvisum
1164 1115 1253 1141 nec-

118 1157 366 1210 opinantibus
385 1157 495 1195 nobis
514 1157 748 1195 obtulerunt.

173 1211 252 1251 IX.
284 1211 444 1250 Caesaris
464 1211 568 1250 enim
587 1210 819 1250 incredibilis
842 1224 886 1249 ac
905 1210 1036 1249 divina
1055 1210 1176 1249 virtus
1194 1211 1253 1249 la-

118 1266 239 1305 tronis
269 1266 437 1318 impetus
474 1265 645 1304 crudeles
677 1278 721 1304 ac
757 1265 986 1304 furibundos
1018 1265 1249 1304 retardavit:

117 1334 237 1373 quem
267 1327 354 1359 tum
386 1320 451 1358 ille
481 1320 638 1358 demens
667 1319 805 1358 laedere
840 1332 880 1358 se
909 1321 1071 1371 putabat
1102 1319 1250 1369 edictis,

118 1375 314 1428 ignorans,
334 1387 592 1427 quaecumque
613 1374 710 1413 falso
734 1374 877 1413 diceret
899 1374 940 1412 in
967 1374 1252 1412 sanctissimum

116 1429 412 1477 adolescentem,
434 1442 479 1468 ea
493 1442 580 1468 vere
591 1428 756 1468 recidere
768 1428 809 1466 in
824 1428 1054 1467 memoriam
1073 1428 1251 1480 pueritiae

119 1497 210 1523 suae.
243 1485 443 1536 Ingressus
462 1484 614 1523 Urbem
633 1490 703 1530 est,
724 1496 802 1535 quo
822 1483 1021 1531 comitatu,
1042 1483 1104 1521 vel
1122 1483 1255 1534 potius

118 1539 296 1591 agmine!
329 1551 433 1583 cum,
454 1538 606 1586 dextra,
627 1537 790 1586 sinistra,
814 1545 992 1589 gemente
1010 1537 1155 1589 populo
1167 1538 1253 1576 Ro-

116 1605 249 1642 mano,
269 1593 483 1631 minaretur
500 1592 681 1640 dominis,
697 1600 845 1630 notaret
864 1592 1012 1638 domos,
1033 1592 1250 1630 divisurum

117 1661 158 1687 se
175 1650 315 1687 urbem
329 1648 461 1699 palam
480 1648 558 1686 suis
576 1646 830 1699 polliceretur.
861 1646 994 1685 Rediit
1008 1645 1057 1684 ad
1078 1646 1247 1692 milites;

115 1702 172 1742 ibi
190 1702 368 1755 pestifera
386 1702 454 1740 illa
474 1702 624 1741 Tibure
643 1701 784 1740 concio.
817 1700 915 1740 Inde
934 1701 983 1739 ad
995 1700 1145 1739 Urbem
1161 1714 1249 1739 cur-

113 1770 205 1796 sus:
237 1765 392 1796 senatus
411 1756 452 1794 in
473 1756 737 1809 Capitolium:
768 1763 915 1808 parata,
939 1755 987 1794 de
1013 1755 1250 1794 circumscri-

115 1811 242 1851 bendo
256 1811 508 1859 adolescente,
525 1810 712 1850 sententia
724 1810 932 1849 consularis
946 1824 959 1856 ς
987 1822 1077 1848 cum
1091 1816 1250 1861 repente

114 1869 228 1912 (nam
247 1866 436 1906 Martiam
454 1865 647 1917 legionem
661 1866 778 1904 Albae
790 1863 1003 1904 consedisse
1018 1863 1175 1911 sciebat)
1190 1864 1249 1902 af-

115 1923 237 1962 fertur
255 1921 291 1960 ei
308 1920 356 1959 de
382 1922 521 1972 quarta
540 1920 726 1959 nuntius:
758 1932 836 1972 quo
866 1919 1077 1970 perculsus,
1108 1918 1250 1968 abjecit

115 1975 321 2018 consilium
338 1975 527 2013 referendi
546 1974 595 2013 ad
610 1982 786 2014 senatum
801 1974 848 2012 de
869 1973 1028 2012 Caesare.
1058 1973 1248 2025 Egressus

116 2038 187 2080 ast,
207 2043 286 2069 non
304 2029 390 2079 viis,
418 2029 484 2068 sed
509 2029 742 2077 tramitibus,
773 2027 1008 2081 paludatus:
1039 2040 1161 2079 eoque
1185 2027 1248 2066 die

114 2087 200 2139 ipso
217 2084 515 2124 innumerabilia
534 2087 703 2123 senatus·
706 2083 879 2122 consulta
903 2082 1022 2130 fecit3
1052 2095 1141 2135 quae
1158 2081 1248 2134 qui-

117 2142 207 2181 dem
225 2139 356 2179 omnia
373 2138 486 2177 citius
504 2138 644 2188 delata,
661 2150 780 2191 quam
800 2137 939 2190 scripta
953 2142 1054 2176 sunt.

170 2194 236 2235 Ex
255 2206 314 2243 eo,
333 2205 411 2233 non
430 2193 518 2243 iter,
536 2193 602 2233 sed
620 2206 753 2234 cursus
779 2200 817 2232 et
845 2192 994 2286 ξιιςει,3
983 2204 1024 2231 ιιι
1055 2190 1243 2231 Galliam.

894 2259 922 2286 x
