1509 2397
418 71 762 117 PHILIPPICA
794 72 852 112 11.
883 71 990 111 CAP.
1020 72 1086 111 39.
1237 70 1320 110 233

191 181 393 224 metuisti?
433 181 558 231 credo,
585 193 634 220 ne
667 182 772 220 salvo
796 181 919 233 capite
951 193 1090 232 negare
1120 191 1197 217 non
1228 191 1320 231 pos-

191 248 263 274 ses.
294 235 491 275 Omnibus
517 248 609 274 eum
633 235 874 274 contumeliis
900 235 1077 282 onerasti,
1105 246 1221 286 quem
1251 247 1322 285 pa-

191 289 260 328 tris
290 291 388 338 1050,
416 290 448 329 51
471 291 553 329 ulla
576 291 617 328 in
643 298 681 328 te
705 290 825 342 pietas
851 298 962 337 esset,
991 290 1112 328 colere
1140 287 1317 326 debebas.

193 343 336 382 Filiam
366 346 464 394 ejus,
485 357 651 383 sororem
670 352 794 392 tuam,
826 344 981 393 ejecisti,
1002 344 1077 381 3113
1104 342 1320 380 conditione

191 398 355 449 qumta
374 406 411 437 et
428 407 517 438 ante
534 399 744 451 prospecta.
776 399 869 436 Non
889 405 944 436 est
969 397 1082 436 satis:
1112 396 1271 448 probri
1261 409 1322 433 m-

193 452 388 491 simulasti
419 453 711 505 pudicissimam
741 452 940 491 feminam.
981 451 1091 500 Quid
1121 458 1191 498 est,
1217 450 1322 501 quod

190 506 286 545 addi
313 508 466 559 possit?
507 508 721 547 Contentus
747 520 790 546 eo
819 519 897 545 non
932 506 1063 545 fuisti:
1094 504 1323 555 frequentis-

195 560 294 599 simo
312 569 446 600 senatu
467 562 647 601 Calendis
659 562 687 600 J
690 575 871 610 anuarus,
886 561 1038 599 sedente
1056 567 1207 611 patruo,
1223 558 1324 595 hanc

194 615 267 654 tibi
286 628 366 655 esse
384 629 475 655 cum
494 616 700 655 Dolabella
719 629 873 654 causam
887 615 978 663 odii,
996 615 1119 653 dicere
1138 625 1253 651 ausus
1269 625 1321 659 es,

197 669 303 722 quod
320 671 370 709 ab
390 684 434 709 eo
452 671 571 710 sorori
583 680 620 709 et
633 670 747 709 uxori
765 679 843 709 tuae
862 678 1038 721 stuprum
1051 668 1225 707 oblatum
1242 679 1324 704 esse

198 724 458 786 comperisses.
479 725 602 773 Quis
592 724 831 776 interpretari
843 732 984 776 1101551,
1000 722 1183 775 impuder.
1188 721 1284 759 tiorn
1274 734 1324 767 5,

197 778 267 830 qui
284 779 326 816 in
331 787 498 841 senatu,
522 792 572 818 an
589 779 814 831 improbior,
838 779 907 830 qui
930 779 970 817 in
991 776 1252 822 Dolabellam,
1273 787 1323 812 311

196 833 400 884 impurior,
431 833 501 885 qui
529 841 637 885 patre
666 833 858 881 audiente,
883 845 932 871 an
959 832 1160 877 crudelior,
1186 829 1253 881 qui
1283 828 1324 866 in

325 887 505 926 miseram
525 895 605 926 tam
625 901 773 940 spurce,
794 895 875 925 tam
894 887 1025 939 impie,
1047 884 1224 924 dixeris?

250 940 458 982 XXXIX.
489 942 566 981 Sed
599 942 649 981 ad
686 941 940 1003 chirographa
976 941 1190 979 redeamus.
1221 938 1324 985 Quae

194 1002 264 1034 tua
281 995 357 1034 fuit
385 996 586 1048 cognitio?
614 996 719 1035 Acta
743 996 844 1035 enim
867 995 1043 1044 Caesaris,
1063 994 1167 1046 pacis
1193 1005 1322 1041 causa,

194 1027 454 1089 confirmatav
441 1058 531 1090 sunt
556 1063 579 1089 a
611 1058 761 1099 senatu,
785 1064 873 1102 quae
891 1049 1049 1103 quidem
1072 1049 1200 1088 Caesar
1225 1047 1325 1098 egis-

194 1111 271 1154 set,
299 1116 377 1143 non
396 1118 454 1154 ea,
475 1119 563 1157 quae
582 1105 775 1144 Caesarem
795 1105 915 1156 egisse
934 1104 1091 1143 dixisset
1109 1102 1322 1141 Antonius.

195 1158 314 1197 Unde
331 1159 406 1198 ista
424 1159 666 1211 erumpunt?
695 1172 773 1212 quo
792 1167 944 1198 auctore
972 1158 1250 1211 proferuntur?
1281 1155 1325 1194 Si

194 1220 290 1252 sunt
316 1213 428 1262 falsa,
461 1227 530 1253 cur
558 1215 804 1266 probantur?
834 1214 867 1252 si
899 1226 1001 1260 vera,
1030 1225 1097 1251 cur
1123 1212 1323 1250 veneunt?

196 1267 257 1305 At
274 1267 328 1306 sic
345 1267 556 1319 placuerat,
586 1276 645 1317 111,
667 1281 715 1307 ex
735 1267 914 1306 Calendis
933 1267 1079 1314 Juniis,
1100 1265 1148 1304 de
1163 1263 1326 1304 Caesaris

195 1321 289 1360 actis
310 1333 406 1360 511111
439 1321 597 1361 consilio
621 1322 913 1374 cognosceretis.
943 1321 1062 1369 Quod
1093 1319 1169 1357 fuit
1200 1318 1324 1356 consi-

196 1374 330 1414 lium?
366 1389 485 1428 quem
520 1388 697 1427 unquam
734 1376 962 1415 advocasti?
998 1388 1095 1427 quas
1131 1372 1323 1413 Calendas

196 1429 340 1468 Junias
370 1429 626 1482 exspectasti?
654 1443 705 1469 an
731 1444 807 1478 535,
835 1430 885 1469 3(1
909 1443 1007 1490 quas
1030 1437 1082 1477 te,
1113 1426 1325 1479 peragratis

195 1490 464 1524 veteranorum
483 1484 652 1533 501011115,
674 1485 861 1536 stipatum
880 1484 996 1522 armis
1014 1482 1212 1522 retulisti?

251 1537 291 1577 O
319 1539 543 1590 praeclaram
568 1539 678 1578 illam
702 1539 1026 1599 percursationem
1055 1544 1164 1576 tuam
1190 1547 1326 1573 mense

192 1575 332 1644 Aprili
358 1600 474 1644 atque
499 1593 626 1642 Maio,
653 1599 753 1642 tum,
774 1606 865 1632 cum
890 1592 1007 1631 etiam
1026 1591 1204 1643 Capuam
1223 1589 1325 1628 0010-

194 1646 305 1685 niam
336 1646 522 1687 deducere
553 1654 711 1686 conatus
740 1647 805 1686 es!
844 1645 1189 1707 Quemadmodum
1218 1643 1326 1682 illinc

188 1700 348 1750 abieris,
375 1702 436 1740 vel
454 1701 583 1753 potius
603 1715 714 1753 paene
731 1714 809 1741 non
829 1701 980 1751 abieris,
1002 1700 1154 1739 scimus.
1186 1698 1263 1738 Cui
1280 1705 1324 1736 tu

193 1755 287 1795 urbi
314 1755 516 1795 minitaris.
545 1756 711 1795 Utinam
734 1768 881 1805 5011515,
908 1763 953 1794 111
980 1753 1188 1807 aliquando
1223 1752 1324 1791 illud

190 1810 230 1834 ·“
245 1809 392 1849 Paene”
421 1811 603 1849 tollatur!

251 1864 313 1902 At
326 1877 446 1916 quam
463 1865 666 1904 nobilitata
676 1872 732 1904 est
742 1871 811 1903 tua
823 1864 891 1903 illa
901 1861 1182 1916 peregrinatio!
1214 1860 1325 1909 Quid

187 1918 446 1970 prandiorum
477 1926 699 1971 apparatus,
730 1919 826 1971 quid
853 1919 1038 1958 furiosam
1074 1915 1326 1956 vinolentiam

189 1979 322 2022 tuam,
355 1973 578 2025 proferam?
612 1973 705 2012 Tua
735 1973 810 2013 ista
844 1973 1073 2011 detrimenta
1109 1977 1227 2009 511111·
1257 1969 1327 2007 1113

190 2033 338 2066 nostra.
365 2028 524 2079 Agrum
544 2028 807 2080 Campanum,
827 2027 915 2079 (qui
944 2039 1034 2066 cum
1053 2024 1101 2063 de
1127 2023 1324 2075 vectigali-

196 2081 271 2119 bus
286 2081 549 2129 eximebatur,
578 2089 623 2120 ut
640 2082 830 2121 militibus
856 2081 1025 2128 daretur,
1046 2088 1176 2118 tamen
1199 2076 1324 2128 infligi

192 2146 380 2186 magnum
415 2136 635 2188 reipublicae
672 2137 814 2175 vulnus
849 2137 1101 2187 putabamus)
1138 2132 1243 2170 hunc
1278 2139 1322 2169 tu

190 2190 524 2242 compransoribus
554 2190 629 2230 tuis
656 2199 692 2230 et
721 2189 972 2231 collusoribus
1000 2187 1207 2227 dividebas.
1237 2185 1322 2226 Mi-

954 2255 985 2283 x
1008 2244 1033 2281 3
