1509 2397
232 102 315 140 280
470 101 812 142 PHILIPPICA
841 102 894 142 V.
923 102 1030 142 Cir.
1063 102 1125 141 14.

226 211 391 248 *senatus
405 211 618 263 populique
632 211 803 249 Romani
812 217 996 263 potestate
1009 218 1162 257 teneat;
1192 210 1360 262 cumque

227 264 451 302 ‘exercitum
471 273 637 313 tantum,
653 273 734 303 tam
746 265 852 304 brevi
866 273 1050 316 tempore,
1064 277 1217 303 summo
1235 264 1361 303 studio

240 318 540 377 municipiorum
561 319 874 371 coloniarumque
893 319 1097 380 provinciae
1117 318 1270 366 Galliae,
1292 331 1362 380 op-

241 370 336 409 time
350 372 398 410 de
415 373 611 433 republica
626 374 784 418 meritae,
799 374 1069 425 merentisque,
1086 372 1361 424 conscripserit,

233 426 494 476 compararim
510 427 551 464 id
570 440 660 465 eum
672 437 770 465 recte
782 434 819 465 et
837 427 982 474 ordine,
999 440 1123 478 exque
1134 440 1175 465 re
1189 426 1360 478 publica,

238 477 395 518 fecisse.
425 481 543 532 idque
572 481 625 518 D.
651 482 766 519 Bruti
794 481 1151 532 praestantissimum
1177 480 1361 518 meritum

238 532 281 570 in
300 535 579 596 rempublicam
599 535 746 573 senatui
764 535 985 586 populoque
1010 535 1190 573 Romano
1209 541 1363 585 gratum

237 599 319 625 esse
352 597 389 626 et
417 588 524 626 fore:
554 589 684 640 itaque
714 596 891 627 senatum
918 589 1184 640 populumque
1214 589 1363 626 Roma-

242 653 340 679 num
359 643 590 690 existimare,
612 643 664 680 D.
687 643 818 691 Bruti,
843 643 1097 694 imperatoris,
1118 642 1283 681 consulis
1301 641 1367 680 de-

240 694 394 746 signati,
415 696 542 748 opera,
564 697 734 743 consilio,
756 697 909 745 virtute,
929 696 1219 748 incredibilique
1237 695 1363 734 studio

241 757 280 787 et
299 762 483 788 consensu
501 750 705 802 provinciae
725 751 877 800 Galliae,
904 750 1123 802 reipublicae
1141 749 1368 788 difficillimo

243 810 415 854 tempore
434 818 514 843 esse
534 805 809 843 subventum.’'

299 858 406 896 Huic
424 866 530 897 tanto
549 859 684 897 merito
711 859 839 907 Bruti,
860 867 987 912 patres
1006 859 1222 911 conscripti,
1242 866 1368 897 tanto-

244 925 322 963 que
339 912 380 949 in
401 913 678 964 rempublicam
691 913 888 962 beneficio,
906 914 992 966 quis
1012 921 1067 952 est
1085 921 1214 952 tantus
1231 913 1368 961 honos,

245 966 316 1017 qui
346 979 423 1004 non
449 967 663 1006 debeatur?
695 968 816 1015 Nam,
848 968 880 1005 si
906 969 967 1006 M.
992 967 1167 1006 Antonio
1188 967 1372 1019 patuisset

247 1021 377 1058 Gallia
393 1035 404 1065 ς
426 1021 472 1066 si,
489 1021 677 1072 oppressis
689 1021 921 1073 municipiis,
939 1029 976 1060 et
990 1021 1145 1060 coloniis
1158 1021 1370 1073 imparatis,

248 1074 292 1111 in
307 1074 415 1112 illam
427 1075 607 1112 ultimam
621 1075 791 1113 Galliam
803 1083 998 1127 penetrare
1011 1076 1196 1127 potuisset
1211 1089 1222 1121 ;
1250 1087 1374 1126 quan-

250 1135 314 1166 tus
335 1129 552 1180 reipublicae
571 1137 690 1168 terror
701 1129 962 1180 impenderet!
994 1129 1215 1176 Dubitaret,
1230 1129 1374 1176 (credo)

250 1181 367 1220 homo
387 1183 684 1230 amentissimus,
705 1191 821 1235 atque
834 1184 875 1221 in
895 1183 1074 1222 omnibus
1094 1183 1258 1222 consiliis
1275 1196 1374 1235 prae-

250 1249 338 1287 ceps
367 1244 404 1274 et
435 1236 582 1284 devius,
606 1249 684 1274 non
717 1238 843 1276 solum
873 1250 963 1276 cum
994 1237 1162 1276 exercitu
1192 1249 1275 1284 suo,
1308 1236 1375 1275 sed

251 1291 367 1328 etiam
399 1303 488 1329 cum
514 1291 620 1329 omni
648 1291 890 1330 immanitate
915 1291 1113 1340 barbariae,
1140 1291 1288 1330 bellum
1314 1291 1375 1328 in·-

251 1343 350 1382 ferre
389 1345 498 1383 nobis
515 1359 526 1390 3
565 1353 610 1383 ut
637 1346 718 1395 ejus
746 1345 915 1384 furorem
942 1358 992 1384 ne
1023 1345 1190 1397 Alpium
1220 1344 1379 1397 quidem

253 1410 367 1436 muro
386 1399 560 1437 cohibere
579 1412 787 1450 possemus.
819 1400 918 1438 Haec
927 1400 1046 1451 igitur
1063 1398 1240 1438 habenda
1257 1398 1380 1450 gratia

253 1460 311 1490 est
329 1453 381 1490 D.
403 1453 542 1500 Bruto,
574 1453 642 1505 qui
660 1453 788 1501 mum,
809 1454 982 1492 nondum
1008 1452 1230 1506 interposita
1249 1460 1380 1491 aucto-

256 1507 370 1545 ritate
388 1506 524 1554 vestra,
546 1521 614 1545 suo
633 1508 789 1546 consilio
809 1515 924 1560 atque
939 1507 1099 1558 judicio,
1119 1520 1197 1545 non
1227 1515 1272 1546 ut
1290 1519 1382 1545 con-

259 1561 399 1607 sulem,
416 1561 570 1613 recepit,
592 1561 672 1609 sed,
693 1569 737 1599 ut
756 1562 919 1610 hostem,
939 1562 1061 1600 arcuit
1079 1560 1236 1607 Gallia;
1266 1574 1382 1613 seque

257 1615 434 1662 obsideri,
464 1628 582 1667 quam
610 1615 709 1654 hanc
739 1618 888 1663 urbem,
917 1616 1066 1654 maluit.
1107 1616 1263 1654 Habeat
1291 1627 1381 1666 ergo

255 1669 374 1718 hujus
395 1667 501 1707 'tanti
529 1669 619 1708 facti
649 1678 807 1721 tamque
841 1670 1027 1722 praeclari,
1059 1670 1208 1708 decreto
1240 1676 1379 1715 vestro,

255 1723 517 1761 testimonium
550 1724 854 1775 sempiternum·
887 1724 1105 1785 Galliaque,
1126 1737 1213 1775 quae
1232 1736 1382 1774 semper

255 1777 433 1828 praesidet
463 1784 578 1828 atque
609 1778 786 1828 praesedit
812 1778 903 1816 huic
931 1777 1110 1829 imperio,
1137 1777 1382 1828 libertatique

256 1830 469 1891 communi,
490 1831 626 1869 merito
645 1845 808 1883 vereque
825 1831 1017 1879 laudetur,
1039 1831 1143 1883 quod
1162 1845 1201 1870 se
1219 1843 1383 1883 suasque

260 1884 358 1923 vires
377 1897 453 1922 non
472 1885 642 1932 tradidit,
664 1886 730 1923 sed
750 1886 941 1937 opposuit,
963 1886 1150 1924 Antonio.

316 1938 436 1977 XIV.
465 1939 600 1990 Atque
619 1939 735 1977 etiam
768 1940 828 1977 M.
851 1939 1014 1991 Lepido,
1035 1953 1104 1991 pro
1124 1941 1207 1989 ejus
1226 1937 1386 1990 egregiis

260 1992 302 2029 in
321 1993 601 2043 rempublicam
630 1993 789 2040 meritis,
811 1994 1064 2032 decernendos
1088 1993 1250 2032 honores
1268 2004 1387 2044 quam

263 2047 520 2097 amplissimos
550 2059 694 2085 censeo.
737 2048 896 2108 Semper
923 2047 989 2086 ille
1018 2047 1210 2099 populum
1242 2047 1391 2084 Roma-

265 2111 363 2137 num
381 2101 548 2139 liberum
569 2101 713 2139 voluit·
704 2125 715 2146 ,
746 2102 1042 2163 maximumque
1068 2101 1223 2152 signum
1240 2100 1308 2138 illo
1327 2099 1389 2138 die

265 2153 371 2191 dedit
391 2155 596 2192 voluntatis
615 2162 651 2192 et
666 2154 802 2204 judicii
817 2156 890 2202 sui,
906 2169 1010 2203 cum,
1024 2155 1197 2193 Antonio
1211 2154 1388 2192 diadema

266 2206 411 2246 Caesari
430 2208 668 2260 imponente,
689 2222 728 2249 se
745 2210 896 2259 avertit,
915 2209 1139 2262 gemituque
1157 2216 1195 2248 et
1213 2207 1391 2247 moestitia
