1555 2433
294 93 318 129 2
668 88 783 130 PRO
809 88 1018 130 BALBO.

291 209 420 246 maim,
433 197 564 248 legum
577 203 728 236 tantum
744 197 926 247 civilium,
938 210 1015 236 non
1029 204 1158 237 autem
1168 207 1299 237 earum
1312 208 1401 248 quae

295 252 345 291 ad
362 251 567 303 imperium
585 252 718 303 populi
741 251 920 301 Romani,
947 251 1061 298 bella,
1080 252 1266 300 victorias,
1284 250 1403 302 perti-

294 313 423 354 neant,
445 305 567 356 qualis
587 305 713 343 Gellia
732 305 907 344 Cornelia
924 305 983 343 sit.
1023 304 1174 343 Deinde
1191 318 1268 344 non
1285 303 1401 342 modo

293 359 335 397 in
353 359 544 410 rogatione
564 358 690 396 Gellia
720 359 897 397 Corneli&
920 358 1030 406 nihil,
1061 359 1164 410 quod
1193 370 1403 397 sacrosanc-

293 420 379 451 tum
398 420 506 460 esset,
521 419 720 463 exceptum
736 425 814 450 esse
825 412 947 459 docet,
960 412 1025 450 sed
1040 413 1154 450 etiam
1168 412 1289 451 foedus
1303 410 1401 449 illud

293 479 372 505 non
387 479 465 504 esse
483 473 773 514 sacrosanctum,
793 465 896 517 quod
912 477 989 503 non
1007 479 1032 503 a
1048 467 1190 518 populo
1208 473 1275 504 aut
1291 466 1403 517 plebe

295 527 391 559 esset
409 519 610 568 sancitum,
625 531 747 571 neque
765 519 1012 557 obtestatione
1021 520 1115 571 legis
1129 527 1196 557 aut
1213 532 1404 558 consecra-

294 574 396 612 tione
407 573 538 624 capitis
550 581 749 611 sacratum.
779 574 916 624 Itaque
928 580 964 611 et
976 586 1144 612 summos
1157 573 1402 625 imperatores

293 626 514 665 hominibus
532 639 552 664 e
570 626 756 665 foederatis
777 626 930 677 populis
951 626 1139 665 civitatem
1163 625 1400 678 impertiisse,
1467 652 1479 660 ι
1553 625 1555 695 1

293 692 455 731 eamque
473 692 552 717 rem
569 693 666 731 saepe
681 682 828 718 senatus
842 680 1061 719 auctoritate
1071 693 1114 719 ac
1128 680 1303 730 judicum
1317 692 1403 719 sen-

296 734 437 778 tentiis
458 733 591 785 populi
609 733 771 785 denique
790 733 989 784 suffragiis,
1011 747 1087 772 esse
1106 736 1401 786 comprobatam.

296 787 512 825 Exordium
541 787 760 838 magnificas
784 787 958 838 Pompeii
986 787 1115 826 laudes
1146 787 1334 833 continet;
1365 795 1404 826 et

296 840 482 879 conclusio
493 841 675 878 invidiam
686 840 952 880 familiaritatis
965 841 1201 896 deprecatur,
1213 855 1300 895 quae
1305 816 1401 881 1'321-

290 896 341 934 bo
359 906 447 933 cum
467 893 613 934 Cau-zare
630 893 893 934 intercedebat.
