1509 2397
332 58 673 107 PHILIPPICA
706 68 765 106 11.
796 68 902 107 οη.
933 70 997 109 29.
1151 70 1235 107 223·

109 176 302 216 mnium.”
339 176 558 228 Nunquam
587 176 698 214 dixit.
739 176 912 215 Dixisset
940 177 1056 214 etiam
1089 176 1234 227 collega

109 242 232 277 meus,
247 237 408 281 patruus
430 237 544 268 tuus:
565 230 639 268 nisi
670 238 713 268 tu
737 231 839 268 solus
864 243 902 268 es
916 231 1126 268 Antonius.
1157 231 1233 268 Sed

109 284 245 322 omitto
273 297 317 322 ea
345 291 510 335 peccata,
546 297 632 335 quae
663 296 741 322 non
774 291 864 322 sunt
898 297 1029 321 earum
1062 284 1233 335 partium

107 337 274 389 propria,
301 338 441 389 quibus
460 345 503 375 tu
522 338 800 390 rempublicam
820 338 1003 375 vexavisti
1020 353 1029 375 :
1061 338 1110 376 ad
1128 338 1228 388 ipsas

107 399 194 429 tuas
226 398 351 442 partes
378 391 504 440 redeo,
537 392 578 429 id
606 401 675 441 est,
705 392 755 430 ad
782 391 891 429 civile
917 392 1093 437 bellum3
1124 392 1229 443 quod

108 452 259 491 natum,
289 445 510 493 conflatum,
540 454 774 498 susceptum,
794 445 909 496 opera
929 445 996 483 tua
1015 453 1081 483 est.

164 498 328 537 XXIX.
358 499 440 538 Cur
472 499 506 537 ei
534 501 637 538 bello
670 499 775 549 [tum
804 506 958 550 propter
986 499 1233 537 timiditatem

109 559 232 601 tuam,
264 560 350 591 tum
381 560 537 604 propter
571 554 785 605 libidines.,]
825 553 1013 591 defuisti?
1047 553 1233 591 Gustaras

108 606 259 645 civilem
289 608 531 658 sanguinem,
561 608 622 645 vel
647 608 776 660 potius
805 609 1077 646 exsorbueras:
1107 607 1234 645 fueras

107 660 149 698 in
168 661 246 698 acie
266 661 485 699 Pharsalica
505 662 775 713 antesignanus
793 675 804 699 ε
836 661 885 698 L.
908 661 1144 707 Domitium,
1164 674 1236 699 no-

108 714 340 753 bilissimum
355 722 391 753 et
409 715 663 754 clarissimum
683 716 825 761 virumg
840 716 1027 753 occideras
1042 730 1052 753 ε
1075 715 1234 763 multos,

108 768 177 819 qui
195 768 242 806 de
260 769 392 820 proelio
417 769 643 820 effugerant,
665 782 760 821 quos
787 769 928 817 Caesar,
949 777 993 807 ut
1011 769 1231 817 nonnullos,

107 822 264 860 fortasse
284 823 479 869 servasset,
500 823 760 861 crudelissime
775 833 996 875 persecutus
1011 822 1234 861 trucidatas.

107 875 265 923 Quibus
284 878 397 914 rebus
412 877 542 925 tantis,
563 878 719 925 talibus,
740 876 870 928 gestis,
891 877 986 928 quid
1003 877 1078 915 fuit
1098 890 1235 924 causae,

105 930 233 968 curin
252 930 430 969 Africam
456 930 646 969 Caesarem
674 943 752 969 non
779 943 989 982 sequerere,
1020 944 1108 969 cum
1134 944 1234 982 prae-

106 983 236 1022 sertim
264 985 355 1022 belli
376 998 464 1036 pars
493 991 603 1023 tanta
627 992 783 1024 restaret
798 987 816 1023 Ρ
846 985 1000 1037 Itaque,
1032 997 1150 1036 quem
1175 985 1233 1022 lo-

107 1050 197 1075 cum
216 1038 320 1089 apud
338 1039 467 1090 ipsum
486 1039 690 1087 Caesarem,
717 1046 803 1090 post
827 1040 908 1088 ejus
928 1052 975 1077 ex
994 1039 1130 1077 Africa
1149 1038 1236 1076 red-

106 1091 221 1139 itum,
238 1092 468 1131 obtinuisti?
499 1106 575 1144 quo
598 1106 759 1131 numero
786 1093 922 1131 fuisti?
953 1093 1076 1142 Cujus
1092 1100 1134 1130 tu
1156 1092 1233 1130 im-

105 1147 288 1195 peratoris
308 1154 472 1198 quaestor
484 1147 625 1194 fueras,
641 1147 834 1185 dictatoris
847 1146 1028 1198 magister
1041 1147 1231 1198 equitum,

106 1200 199 1237 belli
217 1201 407 1251 princeps,
428 1201 660 1239 crudelitatis
680 1209 824 1249 auctor,
845 1201 983 1253 praedae
1003 1201 1138 1249 socius,
1159 1210 1234 1238 tes-

109 1260 278 1292 tamento
320 1258 380 1297 (ut
412 1254 493 1306 ipse
523 1254 690 1301 dicebas)
722 1255 839 1301 filius,
870 1255 1084 1305 appellatus
1115 1268 1154 1292 es
1184 1254 1232 1292 de

107 1308 285 1357 pecunia,
306 1321 424 1360 quam
449 1321 520 1360 pro
549 1308 677 1358 domo,
704 1321 774 1360 pro
803 1310 936 1357 hortis,
957 1321 1027 1360 pro
1052 1308 1228 1357 sectione,

108 1360 285 1399 debebas.

163 1415 297 1453 Primo
322 1416 546 1468 respondisti
572 1417 687 1468 plane
717 1416 916 1456 ferociter:
948 1423 985 1455 et
1011 1419 1076 1459 (ne
1101 1416 1233 1454 omnia

107 1468 237 1507 videar
255 1477 385 1507 contra
402 1478 455 1517 te)
468 1471 747 1522 propemodum
763 1485 874 1523 aequa
892 1479 929 1509 et
944 1473 1048 1520 justa
1063 1470 1225 1508 dicebas.

107 1527 148 1560 A
168 1535 232 1561 me
261 1523 306 1562 C.
329 1524 457 1561 Caesar
484 1524 722 1575 pecuniam?
752 1538 819 1563 cur
845 1525 986 1576 potius,
1008 1537 1125 1575 quam
1158 1537 1228 1574 ego

106 1579 155 1615 ab
173 1577 240 1615 illo
254 1579 272 1614 Ρ
301 1579 367 1615 An
386 1578 451 1616 ille
471 1578 551 1616 sine
568 1591 632 1616 me
643 1579 733 1617 vicit
749 1581 766 1617 ἲ
797 1587 835 1617 at
853 1592 902 1617 ne
919 1579 1044 1629 potuit
1057 1577 1228 1629 quidem.

105 1630 194 1682 Ego
213 1631 262 1668 ad
280 1631 394 1669 illum
413 1632 504 1670 belli
532 1632 652 1670 civilis
682 1646 836 1671 causam
856 1633 994 1671 attuli:
1027 1644 1096 1682 ego
1125 1632 1228 1682 leges

105 1684 332 1736 perniciosas
350 1686 507 1736 rogavi:
539 1699 609 1737 ego
635 1700 742 1725 arma
760 1695 890 1725 contra
915 1687 1087 1725 consules
1105 1686 1230 1736 impe-

105 1746 324 1791 ratoresque
356 1740 490 1790 populi
520 1741 704 1788 Romani⁷
732 1748 863 1779 contra
895 1748 1071 1779 senatum
1103 1752 1230 1791 popu-

104 1793 266 1844 lumque
284 1794 523 1841 Romanum,
554 1802 684 1832 contra
703 1794 806 1833 Deos
828 1795 984 1846 patrios⁷
1011 1807 1171 1844 arasque
1191 1801 1229 1831 et

104 1846 220 1894 focos,
259 1854 389 1885 eontra
424 1849 602 1899 patriam,
636 1849 722 1886 tuli.
754 1849 866 1886 Num
893 1849 966 1886 sibi
999 1848 1069 1886 soli
1100 1847 1225 1886 vicit?

105 1899 287 1948 Quorum
315 1900 465 1940 facinus
490 1910 546 1941 est
574 1915 793 1949 commune,
823 1915 890 1940 cur
912 1915 990 1940 non
1017 1902 1065 1939 sit
1093 1914 1228 1939 eorum

103 1954 234 2006 praeda
263 1956 511 1995 eommunis?
550 1957 627 1995 Jus
666 1957 913 2008 postulabas:
945 1956 1010 1994 sed
1047 1954 1142 2008 quid
1177 1954 1227 1992 ad

104 2020 186 2046 rem
201 2011 219 2046 ,⁹
246 2009 336 2060 plus
353 2009 419 2048 ille
436 2018 596 2061 poterat.

161 2062 313 2114 Itaque,
341 2064 507 2103 excussis
525 2064 602 2103 tuis
632 2064 801 2113 vocibus,
823 2072 860 2103 et
878 2064 927 2103 ad
946 2070 982 2102 te
1006 2070 1043 2101 et
1062 2062 1111 2100 ad
1128 2075 1227 2113 prae-

108 2114 173 2154 des
191 2122 290 2166 tuos,
310 2116 450 2157 milites
468 2118 573 2158 misit
590 2132 602 2165 ;
633 2131 737 2167 cum,
764 2127 918 2171 repente
936 2132 959 2157 a
979 2125 1014 2156 te
1043 2117 1241 2169 praeclaria
