1509 2397
348 65 689 109 PHILIPPICA
717 67 801 107 111.
830 68 936 108 CAP.
961 69 1000 106 5.
1164 67 1244 114 247

59 202 63 205 -
110 171 300 216 aeficium
332 178 501 230 populus
542 179 744 217 Romanus
773 185 811 216 et
834 177 950 216 habet
976 185 1013 216 et
1035 184 1243 238 exspectat,

113 244 239 283 quam
257 233 421 281 majores
431 232 551 271 nostri
569 239 795 284 acceperunt
813 245 836 270 a
855 232 902 269 L.
914 232 1052 277 Bruto,
1074 231 1245 283 principe

114 285 235 335 nujus
253 287 424 324 maxime
443 286 691 325 cmservandi
705 287 853 337 generis
872 294 910 324 et
928 286 1105 324 nominis.

174 340 225 378 V.
256 339 358 378 Cum
388 348 519 378 autem
545 341 670 379 omnis
696 341 856 378 servitus
883 348 938 378 est
961 341 1058 378 mis
1041 353 1075 366 0
1063 354 1125 383 ,ζα
1158 347 1242 378 tum

111 407 206 432 vero
231 394 467 433 intolerabile
493 403 549 433 est
573 395 709 433 servire
734 395 898 446 impuro,
924 394 1131 444 impudico,
1154 394 1242 431 effe-

114 448 276 495 minato,
297 461 516 500 nunquam,
531 462 578 486 ne
593 450 633 487 in
647 457 753 487 metu
771 448 943 500 quidem,
957 449 1094 486 sobrio.
1122 448 1242 485 Hunc

113 501 234 551 igitur
264 503 332 554 qui
353 503 483 541 Gallia
507 504 697 554 prohibet,
723 504 871 553 privato
890 503 1099 554 praesertim
1120 502 1241 540 consi-

113 556 180 602 lio,
199 557 358 605 judicat,
380 557 649 609 verissimeque
657 557 817 607 judicat,
838 570 914 595 non
936 570 1013 594 esse
1032 557 1239 594 consulem.

117 609 355 649 Faciendum
375 619 431 650 est
448 611 580 663 igitur,
601 620 725 663 patres
741 611 958 663 conscripti,
980 611 1102 657 nobis,
1124 619 1168 648 ut
1184 610 1238 648 D.

116 664 233 703 Bruti
259 665 452 717 privatum
479 666 682 705 consilium
709 666 930 704 auctoritate
955 665 1111 716 public&
1137 677 1243 702 com-

113 720 336 770 probemus.
375 721 459 758 Nec
487 733 577 759 vero
604 721 667 758 M.
689 720 907 758 Antonium
934 720 1129 757 consulem
1156 727 1242 770 post

115 773 347 824 Lupercalia
366 782 502 826 putare
528 774 723 813 debuistis.
755 774 846 822 Quo
870 774 972 812 enim
993 774 1058 811 ille
1078 774 1153 818 die,
1174 786 1243 824 po-

114 827 208 878 pulo
240 828 418 867 Romano
447 829 698 880 inspectante,
730 829 872 874 nudus,
911 835 1063 875 unctus,
1098 827 1239 875 ebrius,

113 881 358 921 concionatus
377 890 446 931 est,
468 890 505 921 et
522 883 563 921 id
582 883 672 934 egit,
693 890 738 921 ut
756 883 911 934 collegae
925 882 1102 920 diadema
1115 882 1241 934 impo-

111 943 245 982 neret;
276 950 320 974 eo
339 937 414 983 die,
434 950 512 975 non
530 937 646 975 modo
668 938 883 984 consulatu,
906 937 970 975 sed
990 936 1105 974 etiam
1125 937 1239 975 liber-

109 996 202 1037 tate,
220 1003 260 1029 se
279 991 494 1030 abdicavit:
526 999 622 1030 esset
641 992 745 1029 enim
764 991 837 1043 ipsi
857 999 955 1029 certe
975 991 1103 1029 statim
1123 991 1240 1029 servi-

105 1044 272 1092 endum,
289 1045 321 1083 si
340 1045 468 1084 Caesar
487 1047 550 1084 ab
556 1059 600 1084 eo
618 1046 726 1097 regni
744 1046 893 1097 insigne
912 1045 1080 1096 accipere
1097 1045 1240 1084 voluis-

103 1105 176 1136 set.
195 1098 334 1138 Hunc
325 1103 443 1151 igitur
451 1113 520 1151 ego
532 1101 741 1146 consulem,
751 1100 854 1138 hunc
867 1100 923 1138 civ
926 1113 986 1138 em
999 1101 1238 1147 Romanum,

109 1152 215 1191 hunc
233 1153 413 1202 liberum,
433 1155 537 1192 hunc
561 1154 728 1206 (lenique
751 1154 963 1200 hominem,
983 1161 1132 1205 putem,
1154 1154 1237 1205 qui,

109 1207 211 1245 foedo
229 1208 297 1245 illo
316 1217 352 1246 et
372 1209 558 1260 flagitioso
577 1209 653 1256 die,
671 1217 708 1247 et
731 1208 824 1261 quid
850 1209 944 1260 pati,
962 1209 1116 1246 Caesare
1135 1209 1237 1254 vivo,

110 1269 251 1312 posset,
273 1269 311 1300 et
329 1263 437 1314 quid,
459 1275 503 1301 eo
518 1271 684 1311 mortuo,
706 1263 886 1314 consequi
900 1263 980 1314 ipse
993 1270 1161 1314 cuperet,
1177 1275 1239 1301 os-

110 1315 262 1354 tendit?

169 1371 254 1409 Nec
273 1384 362 1409 vero
380 1371 428 1409 de
447 1372 601 1418 virtute,
623 1371 850 1417 constantia,
872 1379 909 1410 et
927 1371 1127 1422 gravitate,
1148 1384 1237 1422 pro-

107 1424 245 1462 vinciae
258 1425 396 1463 Gal-liae
414 1426 529 1464 taceri
549 1433 680 1477 potest.
712 1426 784 1464 Est
802 1425 905 1464 enim
924 1426 990 1464 ille
1009 1425 1077 1463 flos
1100 1426 1148 1463 Ita
1149 1426 1236 1473 21iae,

109 1478 208 1516 illud
224 1479 542 1518 firmamentum
532 1480 683 1531 lmperii
704 1480 839 1531 populi
858 1480 1041 1526 Romani,
1058 1480 1156 1517 illud
1179 1493 1239 1518 οι·-

110 1542 338 1572 namentum
365 1533 572 1585 dignitatis.
608 1534 762 1572 Tantus
793 1542 922 1572 autem
949 1542 1006 1572 est
1030 1547 1236 1572 consensus

109 1587 411 1639 municipiorum
405 1566 749 1640 ”coloniarumque
780 1588 986 1639 provinciae
1009 1588 1162 1636 Galliae,
1190 1596 1236 1626 ut

109 1654 258 1688 omnes,
281 1643 330 1680 ad
348 1643 611 1681 auctoritatem
624 1643 742 1692 hujus
760 1642 903 1680 ordinis
918 1643 1236 1694 majestatemque

106 1697 245 1748 populi
264 1697 435 1735 Romani
453 1697 747 1745 defendendam,
769 1696 1001 1748 conspirasse
1021 1697 1234 1735 videantur.

108 1750 391 1799 Quamobrem,
419 1751 564 1790 tribuni
597 1752 734 1803 plebis,
766 1764 1003 1803 quamquam
1036 1764 1102 1789 vos
1141 1751 1239 1789 nihil

109 1804 231 1852 aliud,
252 1805 326 1843 nisi
344 1805 392 1843 de
409 1802 599 1856 praesidio,
613 1813 656 1844 ut
675 1815 851 1844 senatum
872 1813 954 1843 tuto
973 1805 1147 1843 consules
1162 1806 1238 1844 Ca-

109 1859 233 1897 lendis
263 1860 462 1898 Januariis
490 1860 630 1898 habere
660 1868 826 1911 possent,
855 1859 1064 1904 retulistis;
1106 1867 1237 1897 tamen

111 1913 210 1950 mihi
228 1913 412 1951 videmini
431 1927 573 1964 magno
601 1915 771 1961 consilio,
791 1922 907 1965 atque
927 1913 1073 1965 optima
1092 1922 1236 1961 mente,

105 1974 337 2018 potestatem
356 1968 465 2006 nobis
488 1969 536 2006 de
561 1967 641 2007 toto,
667 1982 708 2006 re
732 1966 886 2020 publica
917 1967 1047 2006 fecisse
1072 1968 1236 2006 dicendi.

102 2021 215 2059 ‘Cum
237 2022 340 2060 enim
367 2029 452 2060 tuto
478 2030 654 2061 senatum
683 2023 816 2061 haberi
843 2022 925 2060 sine
956 2021 1132 2072 praesidio
1160 2034 1239 2059 non

110 2088 222 2126 posse
242 2076 507 2125 judicavistis;
536 2077 636 2115 illud
665 2084 752 2115 tum
778 2075 962 2114 statuistis
987 2075 1118 2127 etiam,
1129 2075 1240 2119 -intra

103 2138 241 2170 muros
259 2131 425 2171 Antonii
445 2131 568 2172 scelus
587 2131 865 2184 audaciamque
873 2129 1031 2170 versari.
