1509 2397
232 89 283 125 90
475 86 590 124 PRO
620 83 868 124 MILONE.
900 84 1006 123 CAP.
1040 84 1101 124 10.

235 194 477 232 Convocabat
508 194 654 232 tribus:
687 206 725 232 se
749 193 1038 244 interponebat:
1071 192 1264 231 Collinam
1284 205 1356 232 no·

233 261 336 293 vam,
365 247 513 286 delectu
539 247 884 299 perditissimorum
907 246 1064 294 civium,
1085 247 1358 285 conscribebat.

236 302 395 349 Quanto
412 301 478 339 ille
501 302 613 353 plura
637 302 834 348 miscebat,
862 308 969 339 tanto
995 300 1058 339 hic
1076 301 1199 351 magis
1217 300 1258 338 in
1276 301 1359 339 dies

237 355 530 393 convalescebat.
561 355 642 394 Ubi
668 355 763 392 vidit
781 355 897 392 homo
917 354 966 392 ad
991 366 1104 392 omne
1123 354 1270 393 facinus
1288 367 1360 405 pa-

236 409 461 457 ratissimus,
482 409 732 447 fortissimum
753 409 892 455 virum,
906 408 1215 446 inimicissimum
1227 421 1357 457 suum,

238 462 490 501 certissimum
521 464 729 510 consulem,
761 462 877 513 idque
908 462 1096 500 intellexit
1124 474 1200 499 non
1233 462 1359 500 solum

238 517 488 563 sermonibus,
528 517 593 555 sed
626 517 740 554 etiam
778 515 981 566 suffragiis,
1019 516 1153 567 populi
1191 515 1361 554 Romani

239 584 339 621 saepe
354 583 432 608 esse
450 571 681 608 declaratum
698 584 709 615 ς
740 570 870 621 palam
889 583 1000 620 agere
1028 569 1153 621 coepit,
1175 577 1212 608 et
1230 578 1362 621 aperte

239 624 374 671 dicere,
389 624 637 662 occidendum
655 625 858 661 Milonem.
890 624 1024 662 Servos
1038 632 1201 674 agrestes
1219 631 1257 661 et
1274 625 1362 662 bar-

239 680 364 725 baros,
386 678 525 729 quibus
546 678 657 716 silvas
669 678 842 729 publicas
856 677 1109 728 depopulatus
1125 684 1217 725 erat,
1238 677 1362 715 Etru-

240 732 414 783 riamque
434 733 604 778 vexarat,
625 745 672 770 ex
684 732 895 783 Apennino
908 731 1131 778 deduxerat,
1145 743 1242 782 quos
1254 730 1360 770 vide-

241 786 350 824 batis.
382 786 460 824 Res
480 794 559 823 erat
577 786 737 823 minime
749 787 909 823 obscura
927 799 937 822 :
969 785 1109 823 etenim
1127 785 1259 836 palam
1278 785 1361 824 dic·

241 840 390 886 titabat,
423 840 662 878 consulatum
687 839 830 877 Miloni
855 838 949 890 eripi
984 851 1062 877 non
1083 852 1206 890 posse,
1239 838 1358 878 vitam

240 907 360 944 posse.
391 893 626 944 Significant
643 894 715 931 hoc
729 906 827 944 saepe
844 892 885 930 in
905 900 1063 931 senatu:
1094 893 1194 931 dixit
1210 892 1251 931 in
1270 905 1363 931 con-

241 948 359 986 cione.
389 947 614 995 Quinetiam
635 947 817 991 Favonio,
838 946 1043 985 fortissimo
1062 947 1156 995 viro,
1171 948 1360 999 quaerenti

241 1014 289 1039 ex
308 1015 364 1048 eo,
393 1002 471 1052 qus
496 1014 561 1052 spe
579 1002 736 1048 fureret,
761 1001 911 1039 Milone
936 1001 1035 1049 vivo,
1062 1001 1269 1053 respondit,
1291 1001 1360 1039 tri-

241 1055 317 1093 duo
332 1055 457 1101 illum,
474 1055 521 1093 ad
535 1068 733 1093 summum
745 1055 964 1106 quatriduo,
979 1055 1192 1106 periturum
1207 1070 1218 1093 :
1239 1069 1359 1108 quam

241 1122 371 1147 vocem
392 1110 474 1159 ejus
500 1109 549 1146 ad
578 1109 682 1147 hunc
708 1109 770 1147 M.
792 1109 980 1148 Catonem
1004 1109 1133 1147 statim
1163 1109 1361 1150 Favonius

240 1162 388 1201 detuljt.

296 1217 348 1255 X.
382 1217 556 1263 Interim,
574 1230 663 1255 cum
676 1217 786 1255 sciret
807 1216 966 1255 Clodius
992 1219 1133 1269 (neque
1152 1218 1255 1256 enim
1274 1226 1360 1258 erat

243 1270 394 1309 difficile
409 1271 532 1317 scire),
552 1270 623 1308 iter
642 1272 824 1319 sollenne,
837 1271 1069 1321 legitimum,
1089 1272 1359 1322 necessarium,

242 1333 330 1363 ante
355 1325 457 1362 diem
483 1324 597 1362 XIII
630 1325 818 1363 Calendas
846 1324 1087 1373 Februarias,
1110 1325 1256 1364 Miloni
1279 1340 1361 1367 ωδε

242 1378 466 1417 Lanuvium
485 1378 533 1416 ad
556 1379 752 1417 flaminem
774 1378 1028 1430 prodendum,
1056 1379 1160 1430 quod
1181 1387 1263 1418 erat
1279 1381 1362 1420 dic-

240 1439 340 1470 tator
372 1432 538 1470 Lanuvii
567 1433 698 1478 Milo,
688 1447 697 1456 ·
740 1433 869 1471 Roma
902 1433 1027 1472 subito
1056 1433 1138 1484 ipse
1168 1434 1362 1485 profectus

240 1486 363 1537 pridie
382 1494 451 1534 est,
471 1494 528 1534 ut,
550 1495 637 1524 ante
655 1500 769 1525 suum
787 1487 968 1534 fundum,
991 1487 1114 1539 (quod
1132 1501 1172 1526 re
1189 1487 1360 1528 intellec-

241 1548 326 1578 tum
356 1548 428 1587 est)
453 1515 595 1578 Miloni
623 1541 662 1578 in
665 1541 777 1579 sidias
796 1541 1004 1580 collocaret.
1033 1543 1168 1592 Atque
1189 1543 1242 1580 ita
1269 1555 1360 1594 pro-

239 1593 360 1632 fectus
391 1602 459 1641 est,
489 1602 533 1632 ut
558 1595 776 1633 concionem
799 1595 1109 1641 turbulentam,
1098 1608 1137 1632 1n
1169 1596 1247 1647 qua
1275 1597 1361 1646 ejus

240 1647 347 1685 furor
374 1647 605 1686 desideratus
636 1656 704 1695 aet,
736 1663 825 1700 quae
851 1648 918 1686 illo
943 1648 1025 1700 ipso
1050 1648 1112 1686 die
1135 1649 1267 1688 habita
1285 1658 1359 1699 est,

240 1701 495 1753 relinqueret3
527 1715 659 1753 quam,
686 1703 759 1741 nisi
788 1702 893 1741 obire
921 1702 1097 1741 facinoris
1114 1703 1242 1742 locum
1261 1711 1361 1744 tem-

239 1769 391 1807 pusque
409 1756 601 1804 voluisset,
621 1769 822 1808 nunquam
841 1756 1064 1808 reliquisset.

296 1809 398 1848 Milo
417 1818 560 1857 autem,
582 1823 671 1848 cum
701 1811 741 1848 in
761 1818 894 1848 senatu
924 1810 1060 1849 fuisset
1078 1824 1122 1850 eo
1140 1811 1202 1849 die
1230 1813 1360 1863 quoad

241 1871 394 1901 senatus
412 1863 591 1902 dimissus
607 1872 675 1910 est,
693 1864 854 1903 domum
873 1864 999 1902 venit:
1031 1865 1172 1904 calceos
1191 1873 1228 1904 et
1246 1867 1362 1905 vesti-

243 1925 374 1955 menta
402 1917 593 1955 mutavit:
624 1918 831 1970 paulisper,
869 1918 964 1956 dum
1000 1932 1039 1957 se
1070 1932 1168 1957 uxor
1204 1922 1267 1963 (ut
1296 1920 1360 1969 fit)

243 1978 451 2022 comparat,
473 1980 728 2010 commoratus
748 1981 828 2011 est:
857 1972 994 2011 deinde
1017 1973 1208 2024 profectus
1233 1981 1290 2012 est
1318 1973 1361 2013 id

242 2025 437 2077 temporis,
452 2038 540 2064 cum
555 2026 638 2075 jam
653 2025 825 2075 Clodius,
847 2025 1036 2078 siquidem
1048 2039 1092 2064 eo
1106 2026 1168 2065 die
1186 2027 1357 2067 Romam

241 2091 264 2116 v
266 2087 423 2117 enturus
436 2087 528 2126 erat,
545 2079 666 2118 redire
676 2080 872 2131 potuisset.
895 2080 1065 2119 Obviam
1078 2081 1122 2119 fit
1134 2081 1168 2118 ei
1182 2081 1356 2131 Clodius,

241 2133 481 2184 expeditus,
469 2146 511 2171 m
530 2147 642 2185 equo,
656 2134 767 2172 nulla
780 2134 912 2181 rheda,
926 2134 1044 2172 nullis
1056 2134 1359 2196 impedimentis,

241 2186 354 2225 nullis
388 2187 530 2226 Graeeis
563 2188 778 2227 comitibus.
814 2196 855 2226 ut
886 2189 1059 2233 solebat;
1103 2188 1186 2227 sinc
1221 2202 1356 2235 uxore,
