1509 2397
224 65 314 102 v250
474 63 815 102 PHILIPPICA
847 63 930 102 III.
962 63 1067 107 Car.
1088 65 1128 103 9.

232 171 348 210 modo
367 171 487 211 edixit
504 174 522 210 Ρ
550 172 633 211 haec
650 181 755 218 sunt,
782 172 930 223 opinor,
959 173 1073 210 verba
1097 172 1136 209 in
1157 178 1327 210 extremo
1343 186 1355 210 ε

232 229 262 249 “
281 225 325 265 Si
343 226 412 278 qui
430 239 506 265 non
534 226 699 275 affuerit,
733 227 837 265 hunc
862 239 994 265 omnes
1014 225 1231 265 existimare
1249 234 1357 277 pote-

232 286 324 319 runt
342 289 380 319 et
403 281 577 319 interitus
594 281 671 319 mei
690 288 727 319 et
744 280 1087 332 perditissimorum
1107 280 1356 319 consiliorum

231 341 426 373 auctorem
444 335 602 373 fuisse.’'
631 335 733 382 Quae
748 343 837 373 sunt
850 333 999 386 perdita
1012 334 1200 373 consilia?
1225 346 1276 372 an
1293 346 1357 379 ea,

233 402 322 441 quae
339 389 531 441 pertinent
549 389 599 427 ad
623 390 840 427 libertatem
859 388 993 441 populi
1013 388 1184 427 Romani
1200 401 1358 439 recupe-

230 442 392 482 randam
407 446 425 482 ?
454 456 623 495 quorum
648 443 893 482 consiliorum
914 442 1056 481 Caesati
1078 455 1143 481 me
1160 451 1355 481 auctorem

230 504 270 535 et
295 497 530 536 hortatorem
559 505 596 536 et
624 510 702 536 esse
731 506 768 536 et
794 496 913 536 fuisse
937 497 1068 536 fateor.
1103 496 1357 548 Quamquam

231 551 297 590 ille
315 564 393 590 non
412 552 518 603 eguit
533 552 689 591 consilio
702 553 931 603 cujusquam
947 565 960 597 ;
981 550 1048 589 sed
1061 558 1189 590 tamen
1205 562 1359 589 curren-

230 613 310 644 tem
330 610 391 649 (ut
415 606 571 654 dicitur)
593 606 759 645 incitavi.
795 607 834 645 N
839 619 903 645 am
925 605 1098 644 interitus
1123 604 1278 657 quidem
1299 604 1358 642 tui

232 660 319 712 quis
337 661 463 699 bonus
482 673 559 699 non
579 668 676 699 esset
698 668 843 709 auctor,
864 673 953 699 cum
979 659 1019 697 in
1039 672 1084 698 eo
1103 659 1206 697 salus
1225 666 1263 697 et
1281 658 1360 696 vita

229 713 369 766 optimi
387 715 588 767 cujusque,
610 722 647 753 et
665 714 819 754 libertas
837 714 972 767 populi
985 713 1157 753 Romani
1174 713 1359 765 dignitas-

229 781 320 820 que,
342 769 559 808 consisteret
576 771 594 809 ?

286 822 376 871 Sed,
397 835 487 862 cum
511 830 592 862 tam
617 822 734 862 atroci
756 822 878 862 edicto
901 834 970 861 nos
993 821 1270 869 concitavisset,
1290 833 1360 860 cur

229 877 311 928 ipse
330 889 407 916 non
427 877 565 916 affuit.
556 880 574 902 ²
603 877 715 916 Num
735 877 881 931 putatis
904 876 1037 929 aliqua
1061 889 1102 915 re
1121 876 1219 915 tristi
1237 888 1281 914 ac
1298 888 1358 914 se-

230 944 346 971 vera
336 933 354 957 ⁹
384 931 490 970 Vino
509 940 624 984 atque
644 932 768 983 epulis
794 938 963 970 retentus
981 937 1065 978 ὄις
1094 930 1127 968 si
1145 930 1271 982 epulae
1288 943 1359 981 po-

230 985 307 1024 tius
337 998 456 1037 quam
487 987 640 1046 popinae
669 985 914 1025 nominandae
945 992 1048 1023 sunt.
1095 983 1215 1023 Diem
1244 983 1359 1023 edicti

230 1040 337 1078 obire
363 1040 556 1091 neglexit:
588 1039 628 1077 in
648 1047 736 1078 ante
754 1039 857 1078 diem
876 1046 1058 1101 quartum
1074 1037 1264 1078 calendas
1276 1037 1359 1078 De·

229 1095 401 1132 cembrffi
419 1094 580 1132 distulit.
609 1093 781 1134 Adesse
771 1106 811 1133 ιιι
824 1093 1016 1146 Capitolio
1030 1093 1168 1143 jussit:
1197 1091 1327 1145 quod'
1316 1105 1358 1131 m

232 1148 453 1200 templum
442 1162 538 1200 ipse,
552 1149 678 1187 nescio
697 1161 790 1201 qua,
803 1161 872 1199 per
891 1148 1097 1186 Gallorum
1117 1147 1356 1193 cuniculum,

231 1201 438 1240 adscendit.
470 1203 742 1241 Convenerunt
766 1202 967 1254 corrugati,
997 1210 1036 1240 et
1055 1201 1214 1254 quidem
1237 1201 1359 1253 ampli

230 1256 390 1308 quidam
409 1256 597 1305 homines,
618 1257 684 1296 sed
708 1257 954 1295 immemores
980 1255 1176 1308 dignitatis
1194 1255 1359 1294 suae.1s

229 1311 334 1349 enim
353 1317 433 1349 erat
451 1311 545 1358 (lies,
566 1325 611 1350 ea
628 1311 778 1357 fama,
767 1324 814 1360 is,
835 1310 903 1363 qui
921 1319 1096 1350 senatum
1122 1310 1287 1359 vocarat,
1314 1317 1359 1348 ut

228 1372 342 1416 turpe
361 1366 524 1404 senatori
550 1373 660 1414 esset,
680 1365 778 1404 nihil
801 1365 948 1404 timere.
976 1364 1046 1403 Ad
1068 1377 1131 1403 eos
1150 1371 1279 1402 tamen
1297 1363 1358 1416 ip-

228 1433 290 1458 sos
308 1419 377 1471 qui
399 1427 667 1469 convenerant,
681 1432 730 1458 ne
749 1421 908 1460 verbum
921 1419 1079 1471 quidem
1093 1431 1209 1457 ausus
1228 1425 1285 1457 est
1302 1419 1361 1460 fa·
1380 1448 1385 1451 -

230 1486 313 1512 cere
331 1473 380 1512 de
405 1473 569 1521 Caesare,
590 1487 680 1513 cum
698 1473 748 1513 de
772 1486 816 1513 eo
841 1473 1094 1513 constituisset
1113 1472 1163 1511 ad
1181 1479 1357 1519 senatum

229 1527 380 1567 referre.
410 1528 518 1580 Sci-ip
522 1537 600 1567 tam
618 1529 800 1567 attulerat
817 1526 1024 1568 consularis
1036 1526 1196 1580 quidam
1208 1532 1359 1571 senten-

231 1581 339 1620 tiam.
369 1582 479 1630 Quid
505 1590 561 1621 est
579 1583 699 1628 aliud,
719 1583 889 1634 seipsum
913 1582 1062 1621 hostem
1077 1581 1263 1632 judicare,
1283 1580 1357 1625 nisi

230 1636 279 1674 de
298 1649 341 1674 eo
360 1636 498 1675 referre
516 1649 594 1675 non
614 1637 768 1686 audere,
789 1637 857 1689 qui
875 1644 1005 1676 contra
1023 1649 1064 1674 se
1081 1635 1276 1674 consulem
1291 1647 1360 1673 ex-

232 1689 393 1728 ercitum
415 1690 600 1729 duceret?
630 1692 795 1730 Necesse
814 1698 895 1730 erat
912 1690 1015 1730 enim
1034 1690 1262 1728 alterutrum
1277 1701 1357 1728 esse

229 1743 407 1791 hostem3
436 1756 505 1784 nec
523 1752 671 1796 poterat
688 1745 796 1784 aliter
813 1744 861 1783 de
879 1743 1102 1784 adversariis
1120 1743 1282 1782 ducibus
1290 1743 1357 1793 ju-

229 1797 361 1837 dicari.
389 1798 432 1838 Si
450 1799 568 1850 igitur
587 1799 631 1838 C.
649 1799 776 1838 Caesar
788 1798 923 1847 hostis,
942 1811 1010 1838 cur
1029 1797 1162 1836 consul
1181 1797 1281 1836 nihil
1297 1810 1358 1836 rex

229 1852 305 1890 fert
333 1852 383 1891 ad
414 1861 590 1892 senatum
605 1853 624 1891 Ρ
653 1853 722 1892 Sin
752 1853 818 1891 ille
847 1866 872 1891 a
895 1860 1029 1892 senatu
1061 1851 1253 1890 notandus
1276 1863 1355 1890 non

228 1906 330 1954 fuit;
360 1907 455 1959 quid
472 1915 597 1959 potest
615 1907 752 1955 dicere,
773 1906 883 1959 quin,
907 1919 998 1946 cum
1016 1906 1064 1945 de
1085 1906 1153 1946 illo
1172 1905 1346 1954 tacuerit,

228 1975 268 2001 se
285 1961 436 2000 hostem
454 1961 645 2000 confessus
657 1962 737 2000 sit?
766 1961 928 2009 Quem
917 1974 958 1999 ιιι
978 1960 1108 1999 edictis
1124 1963 1352 2021 Spartacum

228 2015 412 2068 appellat,
439 2015 544 2055 hunc
571 2017 613 2055 in
635 2024 767 2055 senatu
790 2028 839 2055 ne
859 2016 1083 2068 improbum
1109 2013 1267 2067 quidem
1295 2010 1356 2052 di·

227 2082 311 2110 cere
328 2069 456 2109 audet.

282 2123 359 2164 IX.
379 2124 476 2172 At,·
465 2137 505 2163 m
519 2126 634 2164 rebus
647 2123 884 2171 tristissimis,
901 2131 1065 2176 quantes
1076 2122 1217 2162 excitat
1228 2121 1349 2162 risus!

190 2204 199 2207 >
225 2178 479 2229 Sententiolas
492 2178 605 2220 edicti
616 2179 819 2234 cujusdam
833 2178 1031 2229 memoriae
1042 2176 1240 2227 mandavi,
1253 2189 1352 2228 quas
