1509 2397
282 68 623 108 PHILIPPICA
651 68 778 108 XIII.
808 68 916 108 Cn.
948 70 1010 108 18.
1133 70 1214 107 385

142 177 177 202 -“
196 175 395 225 Quoniam
417 189 483 216 vos
507 177 826 217 assentationibus
844 186 882 217 et
906 177 1100 217 venenatis
1127 190 1219 215 mu*-

92 230 249 269 neribus
278 231 474 270 venistis.’'
502 232 714 283 Depravati
737 245 780 271 ac
810 232 978 283 corrupti
1003 240 1108 279 sunt,
1128 231 1217 283 qui-

94 286 168 322 bus
196 298 421 336 persuasum
454 293 525 333 est,
549 286 805 324 foedissimum
828 286 978 324 hostem
1005 286 1219 336 justissimo

95 338 197 376 bello
216 340 424 391 persequi?
456 342 484 362 ‘⁶
504 340 563 378 At
581 340 770 379 militibus
791 341 947 378 inclusis
966 353 1078 391 opem
1097 340 1218 378 fertis.

94 392 210 431 Nihil
229 406 357 432 moror
388 407 451 432 eos
475 395 597 432 salvos
623 408 714 441 esse,
743 402 780 432 et
809 395 864 432 ire
886 408 963 445 quo
987 394 1155 444 jubetis3
1186 393 1218 431 si

93 453 224 485 tamen
253 448 453 499 patiuntur
482 449 605 500 perire
631 462 735 495 eum,
767 448 835 499 qui
870 449 1052 486 meruit.'’
1082 448 1217 495 Quam

94 501 287 552 benigne!
322 502 487 554 denique
521 503 579 541 usi
604 503 831 541 liberalitate
859 502 1040 551 Antonii,
1077 502 1220 540 milites

92 555 362 606 imperatorem
381 557 634 608 reliquerunt,
649 564 687 595 et
700 570 741 595 se
759 557 807 594 ad
821 557 986 604 hostem,
1006 564 1113 594 metu
1133 569 1220 607 per-

93 609 228 657 territi,
255 611 525 650 contulerunt:
554 625 623 663 per
650 624 747 663 quos
775 611 808 649 si
835 623 914 649 non
937 611 1110 658 stetisset,
1141 623 1220 648 non

94 663 300 703 Dolabella
310 665 417 716 prius
428 665 652 717 imperatori
666 678 750 716 suo,
763 678 883 718 quam
894 665 1092 704 Antonius
1105 664 1221 703 etiam

93 718 264 769 collegae,
279 720 527 770 Ρ31611133361.

151 775 179 794 “
200 772 422 812 Conoordiae
453 774 595 812 factam
621 787 700 813 esse
729 773 965 813 mentionem
987 773 1150 812 scribitis
1178 772 1219 811 in

96 834 245 875 senatu,
267 835 304 865 et
331 828 476 879 legatos
499 841 579 866 esse
597 829 813 867 consulares
841 828 1024 880 quinque.
1054 828 1225 866 Difficile

96 887 153 919 est
172 881 334 929 credere,
356 895 432 930 eos,
453 882 522 933 qui
540 896 603 920 me
614 883 852 934 praecipitem
871 883 1030 933 egerint,
1051 881 1225 933 aequissi-

96 947 180 972 mas
204 936 438 974 conditiones
463 937 664 985 ferentem,
692 945 730 975 et
759 944 889 975 tamen
917 950 963 974 ex
986 936 1046 974 his
1077 935 1225 987 aliquid

96 989 289 1028 remittere
317 990 562 1041 cogitantem,
582 999 733 1041 putare,
763 990 911 1043 aliquid
934 991 1129 1028 moderate
1155 997 1223 1028 aut

94 1041 266 1082 humane
285 1057 365 1083 esse
384 1045 562 1083 facturos.
594 1046 676 1084 Vix
702 1045 818 1084 etiam
841 1045 1045 1084 verisimile
1065 1052 1134 1093 est,
1156 1045 1225 1096 qui

93 1097 350 1146 judicaverint
378 1099 528 1138 hostem
548 1099 795 1138 Dolabellam
814 1101 863 1138 ob
893 1099 1148 1138 rectissimum
1167 1099 1226 1137 fa-

97 1151 220 1198 cinus,
253 1153 406 1191 eosdem
427 1153 538 1192 nobis
566 1167 719 1205 parcere
742 1167 866 1205 posse,
896 1154 1001 1192 idem
1027 1153 1224 1191 sentienti-

98 1207 215 1244 bus.’'
246 1207 443 1246 Parumne
457 1208 608 1246 videtur
622 1208 798 1246 omnium
817 1208 1029 1246 facinorum
1043 1208 1116 1246 sibi
1135 1220 1225 1245 cum

96 1259 306 1299 Dolabella
320 1261 537 1300 societatem
548 1261 685 1300 initam
697 1263 867 1301 confiteri
882 1263 890 1300 !
917 1275 1043 1300 nonne
1058 1261 1225 1310 cernitis,

97 1327 147 1353 ex
172 1327 252 1353 uno
280 1315 386 1354 fonte
408 1316 538 1354 omnia
557 1317 698 1355 scelera
722 1319 910 1356 man-are?
942 1318 1032 1368 Ipse
1058 1316 1224 1367 denique

98 1368 241 1407 fatetur
261 1369 350 1412 (hoc
379 1370 537 1422 quidem
557 1370 646 1409 satis
664 1379 790 1419 acute)
820 1384 899 1410 non
926 1384 1035 1422 posse
1058 1383 1135 1419 eos,
1157 1370 1225 1421 qui

97 1423 248 1461 hostem
268 1423 514 1463 Dolabellam
540 1425 796 1474 judicaverint
820 1426 869 1463 ob
894 1425 1149 1463 rectissimum
1167 1424 1226 1463 fa-

98 1477 221 1526 cinus,
244 1478 315 1521 (ita
333 1478 436 1517 enim
456 1479 606 1518 videtur
624 1479 817 1527 Antonio)
844 1480 916 1518 sibi
933 1492 1102 1531 parcere,
1121 1478 1225 1517 idem

98 1533 287 1570 sentlenti.

153 1586 323 1626 XVIII.
354 1587 464 1634 Quid
481 1587 572 1627 111116
598 1588 729 1637 facias,
749 1589 818 1640 qui
835 1588 917 1627 haec
942 1588 1060 1627 literis
1077 1600 1227 1626 memo-

98 1641 242 1692 riaeque
261 1641 469 1690 mandarit,
488 1642 543 1680 ita
561 1643 633 1681 sibi
651 1643 870 1682 convenisse
889 1656 978 1681 cum
1002 1642 1225 1691 Dolabella,

97 1702 143 1733 ut
171 1696 237 1734 ille
266 1695 522 1742 Trebonium,
554 1705 606 1744 et,
640 1697 674 1736 si
708 1705 847 1749 posset,
882 1697 998 1735 etiam
1035 1697 1222 1744 Brutum,

92 1749 292 1797 Cassium,
324 1750 568 1790 discruciatos
597 1760 763 1800 necaret,
796 1751 1006 1803 eademque
1035 1750 1226 1789 inhiberet

101 1804 291 1855 supplicia
317 1805 458 1843 nobis?
488 1806 780 1844 Conservandus
811 1806 902 1845 civis
932 1818 1022 1844 cum
1048 1812 1129 1843 tam
1159 1805 1225 1856 pio

93 1860 279 1910 ‘justoque
306 1858 458 1898 foedere.
488 1861 530 1898 Is
549 1861 664 1898 etiam
685 1861 857 1912 queritur
885 1860 1117 1898 conditiones
1136 1872 1224 1897 suas

97 1913 332 1964 repudiatas,
354 1927 482 1965 aequas
501 1914 660 1966 quidem
690 1922 728 1952 et
746 1914 1006 1957 verecundas,
995 1928 1004 1937 ·
1036 1921 1082 1951 ut
1105 1914 1226 1952 habe-

97 1976 156 2005 ret
175 1967 347 2006 Galliam
375 1968 571 2017 ultimam,
592 1969 844 2020 aptissimam,
875 1968 925 2007 ad
948 1943 1096 2007 bellum
1115 1980 1226 2006 reno-

98 2021 272 2059 vandum
299 2021 662 2074 instruendumque,
693 2023 957 2075 provinciam:
988 2031 1033 2060 ut
1056 2021 1226 2060 Alaudae

100 2074 142 2113 in
171 2076 285 2114 tertia
315 2077 471 2116 decuria
495 2077 725 2127 judicarent,
757 2077 797 2116 id
827 2084 897 2125 est,
930 2084 977 2115 ut
1004 2076 1229 2129 perfugium

101 2130 288 2169 scelerum
307 2139 404 2170 esset
427 2144 526 2170 611111
536 2132 766 2186 turpissimis
784 2131 1006 2185 reipublicae
1024 2130 1227 2171 sordibus.

157 2185 312 2232 (Orat.)
337 2197 444 2224 v.ot.
466 2197 522 2226 1v.
882 2188 957 2225 21.
