1509 2397
259 83 374 123 PRO
396 83 592 122 RABIR.
614 81 903 123 POSTUMO.
934 83 1038 122 CAP.
1065 83 1125 122 14.
1176 82 1252 122 133

135 190 305 231 humeris
312 200 463 244 gestum
475 193 660 243 agebant,
650 205 660 215 ·
674 199 758 230 tum
762 190 958 242 ,temporis
967 190 1109 239 (eredo)
1119 190 1250 230 causfi:

135 256 239 284 nunc
257 246 396 285 scilicet
410 254 564 298 tempus
582 246 735 284 nullum
756 254 822 285 est.
853 245 933 284 Ubi
953 246 1069 284 semel
1089 245 1174 298 quis
1188 258 1256 296 pe-

132 299 238 348 jerav
240 300 323 349 erit,
347 301 382 340 ei
406 300 507 340 credi
531 308 676 352 postea,
706 300 820 339 etiam
847 300 879 338 si
903 313 970 350 per
999 299 1128 351 plures
1150 299 1256 338 Deos

131 353 248 402 juret,
272 366 349 393 non
373 362 549 407 oportet}
575 355 799 405 praesertim,
823 353 984 403 judices,
1005 366 1109 400 cum,
1136 353 1177 390 in
1194 353 1255 391 his

129 406 297 456 judiciis,
307 421 354 447 ne
361 409 467 448 locus
479 408 635 460 quidem
647 420 745 446 novo
754 408 839 446 testi
851 408 968 446 soleat
979 420 1080 452 esse;
1095 408 1143 445 ob
1152 419 1257 444 eam-

135 474 211 512 que
229 474 384 501 causam
402 463 518 501 iidem
534 462 681 523 judices
699 462 945 509 retineantur,
967 461 1035 513 qui
1053 437 1196 499 f'uerint
1209 460 1258 499 de

135 527 218 553 reo·
206 544 218 561 ‚
235 523 279 554 ut
286 517 345 556 his
357 524 447 555 nota
456 516 530 555 sint
541 516 683 562 omnia,
693 528 817 567 neque
825 516 918 568 quid
927 515 1021 566 fingi
1029 515 1116 554 novi
1125 515 1255 566 possit.

183 569 310 632 Lites,
326 574 353 594 ‘⁶
368 571 460 620 Quo
479 582 523 609 ea
539 571 703 622 pecunia
714 570 939 622 pervenerit,
944 570 970 587 ⁷‘
989 581 1065 607 non
1081 569 1158 607 suis
1169 582 1258 620 pro·

134 623 227 675 priis
241 624 410 674 judiciis,
431 625 526 663 sed
515 637 555 662 111
575 637 684 663 reum
707 625 829 667 factis,
857 623 1103 662 condemnari
1122 623 1256 661 solent.

135 678 288 730 Itaque,
310 679 342 717 si
359 687 427 717 aut
444 679 590 731 praedes
610 678 772 717 dedisset
796 678 998 725 Gabinius,
1020 684 1087 716 aut
1106 684 1258 715 tantum

135 745 183 770 ex
202 733 284 782 ejus
301 733 425 781 bonis,
446 740 590 785 quanta
609 745 763 771 summa
774 733 903 770 litium
921 731 1070 779 fuisset,
1091 732 1259 783 populus

133 787 357 838 recepisset;
387 787 564 849 quamvis
581 799 723 838 magna
741 787 790 824 ad
810 787 1041 825 Postumum
1061 788 1109 824 ab
1130 798 1173 824 eo
1191 799 1259 837 pe-

135 840 248 879 cunia
273 842 517 893 pervenisset,
543 853 621 879 non
646 854 686 879 re
717 841 905 886 ‘30eretur
943 848 987 878 ut
1012 839 1177 891 intelligi
1200 839 1259 878 fa-

134 893 205 934 cile
222 895 354 946 possit,
376 896 481 948 quod
507 908 554 934 ex
573 908 619 934 ea
638 894 799 946 pecunia
819 894 867 932 ad
885 907 1003 946 quem
1023 907 1170 942 eorum,
1191 894 1260 945 qui

254 956 339 988 atus
362 957 431 998 est,
454 949 683 1001 pervenisse,
706 949 746 987 in
772 949 839 986 illo
864 948 990 1000 primo
1012 948 1157 998 judicio
1176 948 1260 999 pla-

134 1013 231 1041 num
257 1003 403 1042 factum
422 1004 486 1052 sit,
506 1003 545 1042 id
568 1004 640 1042 hoc
662 1015 799 1054 genere
821 1002 957 1053 judicii
983 1002 1104 1053 redigi
1127 1002 1258 1040 solere.

133 1055 175 1094 N
178 1069 253 1096 unc
266 1070 354 1096 vero
373 1058 468 1110 quid
482 1057 637 1109 agitur?
664 1057 733 1095 ubi
752 1066 940 1095 terrarum
960 1058 1127 1095 sumus?
1162 1056 1257 1108 quid

134 1117 215 1148 tam
240 1112 419 1160 insolens,
449 1119 530 1151 tam
558 1124 793 1164 perversum,
823 1118 1158 1162 praeposterumve,
1187 1109 1262 1148 dici

134 1172 202 1203 aut
220 1165 426 1227 excogitan
439 1169 596 1218 potest?
625 1165 869 1204 Accusatur
859 1178 904 1211 is,
927 1165 994 1216 qni
1008 1177 1086 1203 non
1104 1164 1262 1202 abstulit

137 1231 161 1258 a
179 1231 281 1270 rege,
309 1221 407 1258 sicut
432 1220 622 1258 Gabinius
639 1220 830 1269 judicatus
855 1227 934 1257 est·
923 1248 934 1264 ,
966 1218 1031 1257 sed
1051 1218 1118 1270 qui
1136 1218 1263 1256 maxi-

136 1285 243 1311 mam
261 1274 341 1325 regi
360 1275 562 1325 pecuniam
578 1273 749 1312 credidit.
780 1274 886 1323 Ergo
905 1274 936 1310 is
957 1272 1124 1311 Gabinio
1143 1272 1260 1319 dedit,

137 1326 204 1378 qui
223 1339 302 1366 non
320 1328 410 1366 huic
428 1327 603 1366 reddidit.
642 1328 669 1366 J
673 1340 737 1366 am
757 1327 861 1375 cedo,
883 1339 971 1365 cum
990 1326 1037 1373 is,
1059 1326 1127 1377 qui
1144 1339 1262 1377 pecu-

137 1381 243 1419 niam
266 1381 452 1420 Postumo
471 1382 618 1429 debuit,
645 1394 723 1419 non
742 1381 846 1428 huic,
875 1380 941 1418 sed
961 1380 1128 1418 Gabinio
1147 1379 1261 1418 dede-

136 1435 211 1480 rit,
242 1436 492 1474 condemnato
513 1436 693 1481 Gabinio,
720 1443 853 1473 utrum
878 1434 935 1472 illi
954 1447 1039 1473 eam
1057 1434 1261 1485 pecuniam

136 1488 314 1538 reddidit,
334 1503 384 1528 an
404 1490 519 1529 etiam
533 1502 638 1528 nunc
656 1490 766 1528 debet
784 1491 801 1528 ?

190 1543 310 1582 XIV.
339 1545 399 1582 At
422 1545 553 1592 habet,
575 1552 614 1582 et
631 1544 751 1582 celat:
783 1549 874 1581 sunt
893 1543 1012 1589 enim,
1034 1542 1103 1594 qui
1126 1542 1180 1580 ita
1203 1542 1261 1580 lo-

138 1606 317 1649 quantur.
348 1598 467 1646 Quod
484 1610 605 1649 genus
626 1597 782 1636 tandem
802 1606 859 1636 est
880 1596 979 1635 illud
998 1596 1260 1635 ostentationis

139 1659 177 1689 et
208 1652 373 1702 gloriae?
415 1652 457 1691 Si
479 1652 577 1690 nihil
603 1652 799 1690 habuisset
824 1664 1024 1703 unquam;
1054 1657 1199 1699 tamen,
1231 1650 1264 1688 si

137 1707 347 1757 quaesisset,
372 1719 440 1745 cur
464 1705 720 1745 dissimularet
741 1706 894 1752 habere,
915 1718 1030 1744 causa
1051 1717 1130 1743 non
1152 1713 1261 1743 esset.

136 1759 219 1807 Qui
237 1773 325 1798 vero
343 1761 421 1799 duo
442 1761 550 1799 lauta
568 1767 605 1799 et
623 1760 773 1812 copiosa
791 1759 1022 1812 patrimonia
1041 1759 1261 1810 accepisset,

137 1825 295 1866 remque
317 1822 498 1866 praeterea
518 1815 629 1853 bonis
651 1823 688 1853 et
711 1814 878 1852 honestis
899 1813 1111 1851 rationibus
1133 1812 1263 1851 auxis-

139 1874 218 1911 set:
249 1868 344 1920 quid
366 1876 462 1908 esset
488 1868 644 1907 tandem
668 1881 804 1916 causae,
826 1881 895 1907 cur
920 1867 1130 1906 existimari
1149 1867 1265 1905 vellet

138 1920 236 1960 nihil
253 1922 420 1962 habere?
448 1924 532 1971 An,
553 1935 643 1961 cum
661 1922 850 1971 credebat,
869 1921 1049 1960 inductus
1067 1921 1208 1969 usuris,
1223 1920 1265 1958 id

140 1977 289 2026 agebat,
303 1984 349 2015 ut
361 1977 519 2015 haberet
533 1990 651 2028 quam
666 1976 906 2028 plurimum,
895 1990 906 1999 ·
927 1983 1178 2027 posteaquam
1197 1987 1265 2012 ex-

140 2028 217 2079 egit
235 2030 339 2082 quod
363 2031 585 2079 crediderat,
614 2038 659 2069 ut
690 2029 1010 2092 [existimaretur]
1039 2042 1162 2081 egere,
1194 2041 1264 2066 no-

141 2094 233 2121 vum
251 2097 373 2135 genus
390 2085 464 2124 hoc
481 2084 613 2136 gloriae
631 2083 893 2136 concupiscit?

194 2135 428 2177 Dominatus
454 2147 510 2177 est
535 2139 654 2187 enim,
681 2138 823 2190 inquit,
843 2137 1104 2177 Alexandria?
1134 2137 1266 2176 Immo

141 2201 228 2228 vero
246 2189 286 2229 in
301 2192 572 2245 superbissimo
582 2192 781 2233 dominatu
798 2192 897 2231 fuit.
919 2191 1096 2244 pertulit
1085 2204 1167 2243 ipse
1180 2203 1266 2229 cus-

195 2245 325 2287 (Orat.
330 2253 345 2292 )
366 2258 394 2284 v
401 2257 472 2284 01.
498 2258 560 2284 ιν.
961 2258 992 2284 x
