1509 2397
245 104 326 143 286
477 101 820 144 PHILIPPICA
848 102 899 141 V.
930 102 1036 142 CAP.
1070 102 1133 142 19.

241 210 344 260 Quae
361 224 451 251 cum
469 211 524 250 ita
542 212 631 262 sint,
650 211 699 250 de
717 211 867 251 Caesare
891 211 982 250 satis
999 210 1074 250 hoc
1093 217 1265 263 tempore
1282 207 1366 251 dic-

241 272 329 304 tum
347 265 509 305 habebo.

292 319 415 358 XIX.
443 320 487 359 N
489 333 531 359 ec
552 332 640 359 vero
669 319 717 358 de
744 319 793 358 L.
819 318 1066 370 Egnatuleio,
1089 318 1295 357 fortissimo
1323 325 1362 358 et

238 374 543 413 constantissimo
561 374 655 422 cive,
676 373 981 425 amicissimoque
998 372 1231 425 reipublicae,
1247 373 1362 411 silen-
1412 418 1417 422 .

239 427 336 466 dum
355 429 516 468 arbitror
532 442 542 466 ε
573 428 641 466 sed
658 427 907 466 tribuendum
926 427 1189 466 testimonium
1209 426 1360 465 virtutis

238 482 412 533 egregiae,
434 482 538 534 quod
556 482 588 521 is
606 482 797 533 legionem
817 488 995 533 quartam
1014 481 1064 519 ad
1082 481 1272 519 Cemarem
1291 479 1361 518 ad-

238 536 406 585 duxerit,
427 550 514 588 quae
531 536 707 588 praesidio
725 535 957 584 consulibus,
976 535 1124 574 senatui
1137 535 1360 587 populoque

237 590 433 639 Romano,
464 590 596 642 reique
626 590 805 642 publicae,
843 597 962 628 esset.
952 604 962 613 ·
1000 591 1049 628 ob
1086 601 1172 628 eam
1204 600 1359 627 causam

234 644 397 696 placere,
412 644 471 683 uti
490 645 538 682 L.
553 643 787 695 Egnatuleio
806 643 1015 682 triennium
1034 650 1122 682 ante
1140 642 1359 694 legitimum

235 705 390 750 tempus
419 698 666 750 magistratus
695 705 836 760 petere,
875 710 1023 749 capere,
1056 709 1199 748 gerere,
1234 697 1358 735 liceat.

234 752 286 791 In
305 766 396 804 quo,
430 761 556 804 patres
581 752 796 804 conscripti,
823 764 902 790 non
921 759 1000 790 tam
1026 750 1274 790 commodum
1292 749 1361 788 tri

232 806 367 845 buitur
386 806 435 845 L.
455 806 703 869 Egnatuleio,
736 818 855 859 quam
872 805 1019 845 honos·
1048 805 1090 844 in
1108 805 1179 844 tali
1197 804 1300 844 enim
1318 817 1360 843 re

232 860 324 899 satis
344 867 400 900 est
418 861 621 900 nominari.

287 914 351 953 De
383 915 551 954 exercitu
577 921 708 953 autem
735 915 779 953 C.
802 913 962 953 Caesaris
986 913 1041 952 ita
1067 925 1200 952 censeo
1229 913 1358 952 decer-

231 969 430 1008 nendum:
463 972 491 992 ‘⁶
505 969 665 1008 Senatui
682 969 844 1020 placere,
865 967 1054 1006 militibus
1073 967 1273 1015 veteranis,
1287 967 1356 1019 qui

233 1022 409 1071 Caesaris,
440 1022 644 1073 pontificis,
683 1022 1025 1073 auctoritatemque
1060 1021 1178 1071 hujus
1211 1021 1355 1060 ordinis

230 1076 483 1124 defenderint,
503 1073 658 1127 [atque]
679 1075 899 1124 defendant,
915 1075 976 1113 his
986 1075 1193 1126 liberisque
1205 1087 1353 1122 eorum,

231 1130 383 1169 mffitiae
401 1129 637 1168 vacationem
657 1142 760 1167 esse:
791 1129 926 1180 utique
952 1128 997 1167 C.
1019 1129 1161 1177 Pansa,
1181 1129 1235 1166 A.
1257 1128 1353 1167 Hir-

228 1184 321 1232 tius,
337 1184 524 1232 consules,
544 1184 639 1222 alter
657 1184 832 1231 ambove,
858 1183 889 1220 si
908 1183 961 1220 eis
975 1182 1180 1229 videretur,
1198 1194 1355 1234 cognos-

230 1245 371 1286 cerent,
393 1238 462 1290 qui
481 1250 570 1288 ager
598 1237 658 1275 his
683 1236 840 1282 coloniis
859 1244 969 1284 esset,
990 1249 1068 1288 quo
1092 1236 1234 1275 milites
1253 1244 1355 1275 vete-

229 1292 314 1331 rani
334 1291 487 1330 deducti
506 1298 642 1338 essent,
675 1291 743 1342 qui
763 1298 893 1329 contra
909 1291 1035 1341 legem
1064 1290 1215 1328 Juliam
1233 1291 1355 1342 possi-

229 1347 397 1395 deretur,
430 1353 476 1384 ut
503 1345 536 1384 is
565 1345 756 1384 militibus
793 1345 978 1383 veteranis
1014 1343 1269 1383 divideretur:
1306 1345 1355 1383 de

228 1414 321 1452 agro
355 1401 555 1451 Campano
587 1399 790 1451 separatim
821 1405 1100 1450 cognoscerent,
1135 1398 1354 1451 inirentque

227 1455 416 1493 rationem
434 1454 482 1492 de
500 1453 712 1492 commodis
732 1452 904 1490 militum
923 1459 1188 1491 veteranorum
1207 1465 1353 1504 augen-

229 1509 313 1547 dis:
343 1508 561 1560 legionique
581 1507 752 1556 Martiae,
769 1514 807 1545 et
824 1506 965 1557 legioni
977 1514 1137 1557 quartae,
1159 1514 1196 1545 et
1213 1507 1259 1545 iis
1277 1507 1353 1545 mi-

226 1563 375 1612 litibus,
396 1562 464 1614 qui
491 1562 539 1600 de
562 1561 711 1613 legione
739 1560 905 1599 secunda
923 1560 1092 1599 XXXV
1111 1561 1160 1598 ad
1180 1560 1225 1600 C.
1247 1561 1352 1600 Pan-

227 1630 325 1664 sam,
338 1618 393 1655 A.
411 1616 603 1665 Hirtium,
618 1616 804 1663 consules,
819 1615 1021 1662 venissent,
1039 1627 1183 1667 suaque
1194 1615 1352 1654 nomina

225 1671 440 1709 dedissent:
483 1670 587 1722 quod
622 1669 668 1707 iis
705 1669 908 1707 auctoritas
944 1671 1107 1716 senatsffi,
1138 1669 1351 1720 populique

224 1725 396 1765 Romani
425 1725 579 1763 libertas
609 1723 802 1761 carissima
824 1722 872 1761 sit
896 1729 934 1761 et
956 1722 1085 1769 fuerit,
1115 1723 1351 1761 vacationem

224 1779 375 1817 mssitiae
403 1778 494 1830 ipsis
526 1777 732 1829 liberisque
761 1789 894 1815 eorum
925 1789 1017 1825 esse,
1049 1777 1212 1828 placere,
1243 1785 1351 1815 extra

222 1833 440 1871 tumultum
471 1832 667 1870 Gallicum
688 1831 975 1882 Italicumque·
1006 1843 1144 1882 easque
1163 1831 1346 1882 legiones,

222 1887 325 1926 bello
340 1886 524 1932 confecto,
544 1885 678 1923 missas
696 1885 779 1924 fieri
797 1885 969 1936 placere.
1000 1892 1263 1936 quantamque
1280 1897 1350 1936 pe-

222 1940 378 1979 cuniam
413 1940 602 1978 militibus
632 1951 764 1977 earum
796 1939 995 1990 legionum
1027 1939 1068 1976 in
1098 1939 1268 1990 singulos
1299 1938 1346 1977 C.

223 1994 366 2042 Caesar,
396 1994 586 2054 pontifex,
620 2000 845 2044 propraetor,
879 1992 1072 2044 pollicitus
1103 1992 1166 2041 sit,
1199 2000 1346 2030 tantam

222 2048 305 2087 dari
321 2049 495 2099 placere·
484 2076 495 2086 .
525 2047 661 2099 utique
680 2047 725 2085 C.
743 2047 885 2095 Pansa,
905 2047 959 2085 A.
976 2046 1144 2094 Hirtius,
1157 2047 1345 2094 consules,

223 2102 320 2141 alter
341 2104 517 2149 ambove,
534 2101 566 2140 si
584 2101 638 2140 eis
655 2100 863 2148 videbitur,
875 2101 1063 2139 rationem
1075 2100 1158 2151 agri
1168 2100 1349 2148 habeant,

221 2156 306 2208 qui,
337 2156 418 2196 sine
449 2155 593 2207 injuria
620 2154 874 2208 privatorum,
906 2154 1025 2194 dividi
1061 2154 1180 2206 possit
1193 2168 1205 2192 ε
1234 2153 1349 2206 isque
