1509 2397
217 115 298 154 396
432 111 775 152 PHILIPPICA
797 109 927 152 xlv.
956 112 1075 155 CAP.<
1091 113 1135 152 6.

214 221 434 262 clarissimis
455 220 619 261 ducibus
642 221 968 274 supplicationum
990 221 1175 261 honorem
1201 221 1350 260 tribue-

214 290 318 325 mus,
338 277 615 328 imperatorum
630 288 773 315 nomen
787 277 1005 316 adimemus
1019 279 1038 317 Ρ
1067 276 1228 325 Quanto
1242 275 1348 315 enim

213 332 371 379 honore,
384 330 534 378 laetitia,
548 331 819 382 gratulatione,
834 332 875 370 in
894 332 967 370 hoc
985 331 1177 384 templum
1195 328 1349 383 ingredi

214 386 356 425 debent
374 386 433 424 illi
447 386 522 438 ipsi
540 385 658 436 hujus
677 386 784 424 urbis
803 387 1038 433 liberatores,
1058 399 1150 425 cum
1168 385 1347 425 hesterno

215 440 292 489 die,
312 449 468 492 propter
487 453 620 479 eorum
640 453 698 478 res
718 448 858 492 gestas,
874 454 939 479 me
958 448 1152 488 ovantem,
1170 448 1208 479 et
1225 451 1347 492 prope

214 495 536 547 triumphantem,
557 495 726 547 populus
742 496 946 534 Romanus
959 495 1000 533 in
1021 494 1259 547 Capitolium
1278 493 1349 532 do-

212 562 280 589 mo
298 550 441 597 tulerit,
463 550 625 588 domum
643 549 734 588 inde
753 549 973 589 reduxerit!
1006 550 1048 589 Is
1062 549 1165 588 enim
1185 549 1348 588 demum

212 611 284 652 est,
299 605 388 643 mea
403 604 561 657 quidem
574 604 776 651 sententia,
790 604 918 653 justus
924 603 1152 667 triumphus
1163 617 1208 642 ac
1217 615 1346 650 verim,

210 672 302 698 cum
314 661 412 697 bene
424 659 472 697 de
483 658 680 710 republica
691 659 837 697 meritis
850 659 1113 698 testimonium
1126 672 1150 698 a
1160 669 1348 698 consensu

213 713 376 752 civitatis
406 713 531 752 datur.
563 713 685 761 Nam,
710 713 790 752 sive
819 714 860 752 in
883 715 1083 752 communi
1111 712 1255 765 gaudio
1277 725 1350 765 po·

212 768 298 820 puli
317 768 488 806 Romani
500 767 569 805 uni
583 768 893 819 gratulabantur,
909 780 1101 820 magnum
1115 767 1342 818 judicium·
1326 795 1343 813 ‚

214 823 293 861 sive
325 823 467 874 gratias
504 824 684 874 agebant,
725 835 769 861 eo
802 824 956 873 majus3
1002 822 1082 862 sive
1117 830 1345 875 utrumque,

211 876 311 915 nihil
329 877 640 939 magnificentius
660 877 868 929 excogitari
887 885 1025 930 potest.

267 932 333 970 Tu
353 932 473 984 igitur
495 932 576 983 ipse
599 931 647 970 de
667 931 733 971 te?
762 931 905 970 dixerit
934 932 1141 985 quispiam.
1171 931 1228 972 Et
1256 930 1348 984 qui-

210 987 301 1025 dem
333 987 505 1025 invitus:
548 986 613 1025 sed
646 986 800 1037 injuriae
829 986 938 1025 dolor
970 987 1060 1026 fecit
1095 999 1174 1035 me,
1204 994 1346 1039 praeter

210 1041 544 1085 consuetudinem,
576 1041 799 1092 gloriosum.
830 1041 975 1080 Nonne
994 1041 1084 1081 satis
1103 1049 1174 1090 est,
1200 1043 1250 1080 ab
1273 1041 1346 1080 ho-

209 1096 380 1135 minibus
414 1096 566 1134 virtutis
599 1096 742 1157 ignaris
771 1095 935 1158 gratiam
974 1097 1073 1135 bene
1105 1095 1345 1135 merentibus

209 1163 287 1189 non
307 1150 471 1189 referri?
501 1151 617 1189 etiam
646 1151 687 1188 in
707 1163 772 1189 eos
795 1151 906 1216 qui
910 1163 1044 1213 omnes
1064 1163 1155 1190 suas
1172 1163 1283 1190 curas
1301 1150 1345 1190 in

211 1205 432 1257 reipublicae
458 1205 580 1243 salute
602 1205 805 1257 defigunt,
840 1196 964 1243 rimen
972 1200 1214 1258 invidiaque
1235 1218 1345 1257 quae-

210 1260 350 1298 retur?
380 1259 492 1298 Scitis
512 1259 615 1298 enim
636 1273 704 1311 per
722 1259 794 1297 hos
855 1273 894 1298 es
913 1259 1206 1298 celeberrimum
1225 1259 1345 1299 fuisse

209 1327 440 1360 sermonem,
462 1327 539 1360 me,
563 1313 706 1366 [pridie
726 1314 764 1353 V
767 1314 922 1367 inalia,]
951 1314 1019 1366 qui
1037 1314 1118 1353 dias
1136 1313 1251 1353 hodie
1270 1322 1342 1363 est,

210 1382 300 1409 cum
334 1369 500 1408 fascibus
531 1369 817 1408 descensurum.
846 1370 896 1408 In
928 1369 1100 1421 aliquem
1125 1368 1239 1408 credo
1269 1369 1344 1408 hoc

206 1423 473 1476 gladiatorem,
490 1431 558 1462 aut
577 1424 781 1472 latronem,
795 1430 863 1462 aut
882 1423 1108 1472 Catilinam,
1125 1437 1207 1463 esse
1228 1422 1343 1474 [oon-

209 1479 382 1531 fictum‚]
404 1491 482 1517 non
506 1478 546 1516 in
566 1491 671 1525 eum,
697 1478 780 1530 qui,
802 1491 850 1517 ne
874 1478 969 1530 quid
988 1479 1066 1517 tale
1083 1478 1124 1517 in
1143 1478 1344 1531 republi&

208 1533 291 1572 fieri
309 1540 452 1586 posset,
473 1532 648 1571 effecerit.
678 1534 747 1571 An
767 1541 812 1572 ut
831 1546 917 1584 ego,
939 1533 1009 1585 qui
1028 1533 1237 1572 Catilinam
1258 1532 1343 1573 haec

208 1588 434 1627 molientem
453 1588 689 1632 sustulerim,
706 1588 921 1635 everterim,
942 1587 1164 1635 afflixerim,
1179 1588 1262 1640 ipse
1274 1601 1343 1627 ex-

207 1643 378 1682 sisterem
407 1650 563 1694 repente
591 1642 759 1681 Catilina
777 1645 795 1682 ?
837 1641 995 1690 Quibus
1031 1642 1212 1695 auspiciis
1246 1642 1342 1682 istos

208 1697 328 1736 fasces
364 1711 490 1748 augur
522 1696 764 1749 acciperem?
805 1697 999 1749 quatenus
1035 1696 1249 1736 haberem?
1277 1698 1341 1736 cui

207 1751 397 1791 traderem
409 1751 427 1788 P
456 1751 761 1803 Quemquamne
780 1752 898 1790 fuisse
913 1760 993 1790 tam
1014 1752 1256 1800 sceleratum,
1270 1752 1340 1805 qui

206 1807 280 1846 hoc
310 1806 501 1858 fingeret?
542 1814 624 1844 tam
654 1806 860 1852 furiosum,
893 1806 962 1858 qui
991 1806 1159 1846 crederet
1173 1809 1192 1846 ?
1223 1806 1340 1847 Unde

206 1861 326 1914 igitur
344 1861 418 1900 ista
436 1860 614 1912 suspicio,
635 1861 695 1899 vel
714 1861 842 1912 potius
860 1860 964 1899 unde
982 1861 1053 1899 iste
1071 1873 1196 1900 sermo
1209 1863 1228 1901 ‚⁹

261 1915 338 1954 VI.
370 1915 474 1954 Cum
507 1920 568 1957 (ut
594 1915 727 1963 scitis),
753 1915 826 1954 hoc
857 1915 998 1961 triduo,
1030 1916 1090 1954 vel
1113 1915 1337 1968 quatriduo,

205 1970 323 2010 tristis
341 1983 366 2008 a
384 1969 546 2008 Mutina
565 1970 671 2009 fama
688 1977 888 2015 manaret,
877 1982 888 1993 ·
918 1969 1042 2009 inflati
1065 1971 1200 2010 laetitia
1220 1978 1339 2023 atque

204 2025 409 2065 insolentia
438 2023 549 2086 impii
570 2025 668 2063 cives
696 2037 820 2063 unum
848 2037 887 2063 se
914 2025 955 2063 in
981 2025 1126 2072 locum,
1153 2025 1203 2064 ad
1227 2025 1340 2065 inam

205 2080 368 2126 curiam,
389 2078 468 2117 suis
487 2078 616 2127 potius
633 2091 753 2131 quam
775 2079 998 2141 reipublicae
1014 2079 1224 2129 infelicem,
1244 2093 1337 2119 oon-

203 2133 427 2186 gregabant.
460 2133 523 2171 Ibi
538 2146 630 2171 cum
644 2133 869 2172 consilium
858 2134 1001 2172 inirent
1011 2133 1059 2173 de
1073 2134 1177 2173 eaede
1190 2134 1338 2184 nostra,

206 2188 518 2241 partirenturque
537 2187 637 2226 inter
655 2201 709 2234 se,
725 2188 794 2241 qui
814 2188 1070 2240 Capitolium,
1091 2188 1160 2241 qui
1179 2189 1336 2238 Rostra,

204 2244 271 2296 qui
287 2243 394 2283 urbis
408 2249 536 2294 portas
550 2251 806 2294 occuparent;
837 2243 887 2282 ad
901 2256 965 2283 me
982 2255 1211 2284 concursum
1230 2243 1341 2294 futu,
