1509 2397
374 64 714 104 PHILIPPICA
736 66 786 106 V.
808 65 914 104 CAP.
935 67 973 106 9.
1157 68 1235 113 275

109 181 147 214 et
164 186 283 227 quam
297 173 485 212 avidum
473 187 514 212 m
539 173 709 226 pecuniis
727 175 857 226 Iocupl
859 182 961 212 etun
967 175 1070 227 ,qui
1088 188 1235 228 paupe-

108 242 197 267 rum
215 228 441 280 sanguinem
457 230 718 280 concupisset.
709 230 726 256 9
747 242 914 289 quorum
928 229 1101 290 ipsorum
1115 233 1190 269 bon
1180 244 1231 279 Aa,

107 289 419 335 quantacumque
438 290 589 332 erant,s
573 283 671 321 stati:
672 295 701 320 n
721 283 924 321 comitibus
944 284 1022 322 suis
1036 294 1187 336 compot
1176 298 1233 323 to-

105 337 290 388 ribusque
309 337 516 388 descripsit.

159 391 295 442 Atque
316 391 382 429 ille
400 391 531 429 furens
555 390 694 430 infesta
708 392 791 441 jam
810 391 943 443 patriae
962 392 1071 442 signa
1098 393 1230 431 Brun-

105 444 201 484 disio
219 445 430 491 inferebat3
462 458 551 484 cum
581 445 723 493 Caesar,
745 446 920 484 Deorum
950 447 1230 486 immortalium

103 499 301 547 beneficio,
315 500 435 538 divini
455 500 588 548 animi,
601 500 760 550 ingenii,
776 500 926 539 consilii
945 500 1227 551 magnitudine,

103 567 345 606 quamquam
365 553 432 592 sua
447 562 580 605 sponte
599 554 818 606 eximiaque
837 555 990 603 virtute,
1011 563 1141 593 tamen
1161 569 1232 607 ap-

103 609 328 660 probatione
361 608 594 647 auctoritatis
625 622 736 656 meae,
765 609 931 648 colonias
957 609 1076 660 patris
1107 610 1227 656 adiit;

102 673 298 702 veteranos
327 663 468 701 milites
498 663 742 709 convocavit3
772 663 904 714 paucis
932 663 1067 702 diebus
1087 664 1231 702 exerci-

102 723 188 756 tum
199 717 314 764 fecit;
335 717 509 756 incitatos
519 717 677 756 latronis
688 718 855 769 impetus
870 718 1085 757 retardavit.
1117 719 1231 757 Post„

65 773 73 776 i
100 785 145 810 ea
162 785 265 820 vero,
287 785 406 823 quam
424 772 525 823 legio
541 772 688 810 Martia
710 772 847 810 ducem
867 772 1228 824 praestantissimum

98 826 209 875 vidit,
235 826 334 865 nihil
353 826 432 878 egit
450 826 570 874 aliud,
595 826 670 864 nisi
688 833 734 864 ut
752 826 960 878 aliquando
990 827 1101 866 liberi
1131 840 1228 866 esse-

96 892 211 927 mus3
243 894 362 932 quam
381 887 437 918 est
455 880 605 919 imitata
624 889 761 932 quarta
781 881 894 932 legio.

150 935 228 973 IX.
259 935 352 983 Quo
370 935 436 972 ille
455 935 591 973 nuntio
617 935 761 983 audito,
783 948 873 974 cum
897 942 1074 974 senatum
1093 934 1225 975 vocas-

95 996 167 1036 set,
191 988 505 1040 adhibuissetque
524 990 776 1038 consularem,
797 990 866 1042 qui
880 990 952 1029 sua
967 990 1156 1029 sententia
1176 991 1222 1030 C.

97 1042 291 1089 Caesarem
320 1043 470 1082 hostem
497 1043 699 1093 judicaret,
731 1051 886 1095 repente
912 1045 1088 1084 concidit.
1130 1045 1225 1083 Post

94 1104 240 1147 autem,
257 1110 383 1150 neque
397 1097 586 1136 sacrificiis
601 1098 838 1137 sollennibus
849 1099 973 1148 factis,
990 1112 1115 1151 neque
1129 1099 1228 1138 votis

94 1152 342 1205 nuncupatis,
362 1165 440 1191 non
459 1152 662 1213 profectus
672 1159 742 1202 est,
764 1153 828 1191 sed
854 1153 1041 1214 profugit,
1062 1154 1226 1205 paluda-

94 1213 169 1245 tus.
210 1208 270 1246 At
295 1220 397 1258 quo.
388 1209 405 1235 9
434 1206 475 1244 in
493 1206 730 1258 provinciam
760 1207 880 1245 firmis
865 1208 1070 1246 simorum
1090 1215 1127 1246 et
1145 1208 1223 1246 for-

93 1260 332 1304 tissimorum
350 1260 507 1309 civium,
535 1260 603 1312 qui
621 1261 750 1308 illurn,
770 1273 820 1299 ne
845 1261 878 1299 si
896 1261 950 1299 ita
978 1261 1137 1313 quidem
1159 1275 1225 1301 ve·-

94 1315 225 1365 nisset,
245 1322 290 1354 ut
308 1315 463 1353 nullum
491 1315 640 1353 bellum
671 1315 840 1363 inferret,
867 1315 966 1354 ferre
992 1316 1222 1367 potuissent,

93 1370 361 1421 impotentem,
381 1369 625 1417 iracundum,
641 1344 977 1418 contumeliosum,
994 1372 1221 1421 superbum,

93 1436 246 1476 semper
263 1431 498 1476 poscentem,
528 1436 678 1475 semper
704 1424 931 1475 rapientem,
953 1436 1102 1476 semper
1122 1425 1222 1463 ebri-

92 1491 175 1518 um.
218 1478 278 1516 At
294 1478 373 1526 ille,
395 1479 506 1528 cujus
535 1490 584 1516 ne
613 1484 791 1529 pacatam
821 1478 980 1530 quidem
1005 1478 1222 1530 nequitiam

90 1533 298 1585 quisquam
309 1532 407 1571 ferre
425 1539 565 1584 posset,
582 1533 729 1570 bellum
749 1532 882 1570 intulit
899 1533 1104 1584 provinciae
1125 1533 1221 1572 Gal«

87 1587 174 1626 liae:
206 1586 450 1626 circumsedit
479 1586 696 1635 Mutinam,
728 1586 990 1625 firmissimam
1020 1594 1058 1625 et
1089 1588 1219 1639 splen-

86 1641 326 1681 didissimam
343 1640 480 1693 populi
500 1641 671 1679 Romani
693 1641 881 1679 coloniam
901 1656 911 1679 ε
942 1650 1144 1693 oppugnat
1161 1642 1216 1681 D.

85 1696 273 1746 Brutum,
289 1696 574 1748 imperatorem,
596 1696 793 1734 consulem
812 1695 1073 1747 designatum,
1094 1696 1217 1736 civem

83 1763 162 1801 non
177 1750 264 1800 sibi,
286 1750 352 1789 sed
369 1750 480 1789 nobis
498 1757 536 1789 et
553 1749 790 1802 reipublicae,
811 1758 960 1789 natum.

136 1806 246 1856 Ergo
264 1804 468 1844 Hannibal
485 1804 618 1853 hostis,
650 1804 742 1844 civis
760 1805 991 1844 Antonius?
1021 1804 1131 1853 Quid
1149 1805 1216 1845 ille

82 1858 173 1899 fecit
200 1859 404 1908 hostiliter,
434 1858 540 1911 quod
557 1858 620 1897 hic
638 1871 717 1897 non
741 1867 809 1898 aut
831 1859 974 1905 fecerit,
997 1867 1064 1897 aut
1082 1859 1212 1908 faciat,

83 1920 152 1957 aut
179 1913 363 1952 moliatur
391 1920 429 1952 et
454 1913 625 1964 cogitet?
663 1913 814 1952 Totum
846 1913 919 1952 iter
947 1913 1214 1952 Antoniorum

85 1968 180 2020 quid
196 1968 349 2017 habuit,
368 1967 444 2006 nisi
462 1967 792 2019 depopulationes,
813 1967 1055 2016 vastationes,
1076 1967 1212 2016 caedes,

83 2022 238 2074 rapinas
252 2024 270 2061 ?
300 2035 396 2074 quas
425 2034 504 2060 non
535 2021 699 2061 faciebat
717 2022 934 2070 Hannibal,
969 2022 1062 2074 quia
1087 2022 1215 2060 muita

85 2077 135 2119 ad
152 2088 268 2115 usum
295 2078 535 2115 reservabat:
565 2083 606 2114 at
623 2076 679 2125 hi,
707 2077 777 2127 qui
804 2077 844 2114 in
870 2077 1006 2114 horam
1025 2076 1211 2122 viverent,

84 2142 162 2172 non
183 2129 300 2169 modo
317 2129 366 2168 de
387 2130 550 2169 fortunis
569 2138 606 2169 et
625 2130 672 2168 de
699 2131 810 2169 bonis
830 2131 990 2181 civium,
1013 2129 1079 2169 sed
1098 2142 1146 2169 ne
1165 2130 1214 2169 de

84 2184 248 2227 utilitate
268 2184 426 2236 quidem
447 2185 530 2234 sua,
551 2184 824 2237 cogitaverunt.
