1509 2397
356 95 472 136 PRO
501 95 763 136 LIGARIO.
795 96 900 135 Cu.
934 97 996 135 10.
1164 96 1240 135 159

122 203 240 242 solere
256 203 418 242 laudari.
449 204 553 252 Quae
575 204 651 243 fuit
668 204 786 255 igitur
803 217 979 256 unquam
997 216 1038 242 m
1067 204 1149 242 ullo
1172 203 1243 242 ho-

120 257 225 296 mine
253 265 361 299 tanta
381 259 592 297 constantia
605 261 623 298 ?
654 259 918 298 Constantiam
948 258 1032 296 dico
1046 260 1064 296 Ρ
1101 257 1242 305 nescio,

119 323 169 350 an
198 312 336 350 melius
363 314 588 364 patientiam
617 313 762 365 possim
784 313 917 351 dicere.
945 312 1112 373 Quotus
1140 312 1243 349 enim

119 365 224 403 istud
256 366 419 418 quisque
447 368 609 415 fecisset,
637 376 693 415 ut,
721 381 744 405 a
769 367 910 427 quibus
942 366 983 404 in
1013 365 1243 403 dissensione

120 419 221 457 civili
239 432 316 458 non
337 428 432 459 esset
457 430 642 472 receptus,
664 431 835 472 essetque
864 421 978 459 etiam
999 433 1088 458 cum
1108 419 1242 457 crude-

119 472 226 512 litate
243 475 417 524 rejectus,
432 475 481 513 ad
495 488 557 513 eos
576 476 678 527 ipsos
692 475 857 514 rediret?
888 474 1029 525 Magni
1041 473 1243 522 cujusdam

118 527 253 575 animi,
274 536 390 580 atque
404 530 487 579 ejus
504 529 575 567 viri
595 537 702 575 esset,
724 542 841 580 quem
860 528 906 566 de
926 528 1101 579 suscepta
1113 540 1242 575 causa,

117 581 388 634 propositaque
413 584 613 630 sententia,
640 584 749 621 nulla
776 582 1020 630 contumelia,
1041 581 1150 619 nulla
1168 580 1242 628 vis,

115 635 271 673 nullum
290 637 518 697 periculum,
539 646 664 689 posset
682 637 881 689 depellere.

171 690 229 727 Ut
243 691 346 728 enim
361 699 495 729 caetera
506 692 613 743 paria
625 691 825 730 Tuberoni
836 703 923 729 cum
938 690 1045 728 Varo
1057 689 1240 735 fuissent3

118 742 254 792 honos,
262 745 454 792 nobrhtas,
469 746 686 796 splendor,
675 745 888 797 mgenium,
899 758 985 796 quae
996 744 1245 795 nequaquam

116 796 300 844 fuerunt3
329 799 401 837 hoc
420 808 518 837 certe
535 800 773 851 praecipuum
792 799 1012 837 Tuberonis
1030 798 1118 858 fuit,
1140 796 1245 849 quod

114 852 220 900 justo
239 864 328 890 cum
348 853 508 904 imperio
528 867 576 892 ex
595 853 962 892 36113ῐΐ13-6ο11311110
951 864 992 889 111
1007 851 1244 903 provinciam

117 917 229 943 suam
248 914 412 944 venerat.
444 907 548 945 Hinc
562 908 792 959 prohibitus,
813 919 888 945 non
906 906 955 944 ad
971 906 1176 967 Caesarem,
1192 917 1243 942 ne

116 958 250 1008 iratus,
270 972 348 998 non
367 960 542 1009 domurn,
559 975 608 1001 ne
635 962 749 1010 iners,
769 974 846 999 non
867 961 1038 1013 aliquam
1060 960 1101 997 in
1120 959 1244 1010 regio-

116 1024 221 1061 nem,
253 1025 301 1052 ne
331 1015 583 1054 condemnare
613 1029 767 1055 causam
790 1015 913 1063 illam,
946 1027 1064 1066 quam
1091 1021 1243 1051 secutus

119 1075 228 1116 esset,
262 1068 475 1115 videretur3
506 1070 546 1108 in
574 1069 860 1117 Macedoniam,
893 1069 942 1108 ad
962 1069 1035 1107 Cn.
1065 1066 1244 1118 Pompeii

117 1129 238 1160 castra
256 1123 372 1171 venit,
394 1124 434 1161 in
449 1137 533 1162 eam
551 1124 674 1175 ipsam
695 1137 864 1171 causam,
887 1137 909 1161 a
928 1123 1006 1175 qua
1026 1130 1105 1160 erat
1124 1122 1243 1171 rejec-

117 1183 178 1214 tus
196 1189 286 1214 cum
304 1177 459 1227 injuria.
501 1178 640 1226 Quid?
671 1191 760 1217 cum
779 1178 852 1216 ista
873 1190 932 1216 res
952 1176 1048 1215 nihil
1070 1188 1244 1214 commo-.-

117 1229 231 1267 visset
250 1231 332 1280 ejus
351 1232 541 1279 animum,
559 1233 607 1270 ad
626 1245 743 1284 quem
763 1231 974 1277 veneratis3
1004 1229 1244 1280 languidiore

119 1284 262 1331 (credo)
279 1285 404 1324 studio
422 1286 463 1323 in
483 1287 597 1324 causa
614 1286 764 1324 fuistis:
794 1284 1063 1323 tantummodo
1082 1284 1123 1320 in
1144 1296 1243 1334 prae-

118 1337 224 1375 sidiis
242 1339 378 1384 eratis3
409 1340 530 1377 animi
544 1352 632 1378 vero
651 1353 674 1378 a
692 1339 806 1378 causa
820 1339 1098 1377 abhorrebant:
1121 1349 1184 1397 311,
1199 1344 1244 1375 ut

117 1390 189 1428 fit
179 1404 219 1429 m
239 1392 412 1431 civilibus
430 1394 553 1441 bellis,
575 1407 644 1432 nec
661 1394 702 1431 in
721 1393 828 1432 vobis
848 1393 971 1443 magis
991 1404 1110 1443 quam
1123 1391 1164 1428 in
1184 1404 1243 1429 re-

117 1445 247 1497 liquis,
260 1459 392 1485 omnes
404 1446 580 1486 vincendi
592 1448 717 1486 studio
729 1449 979 1486 tenebamur.
967 1457 981 1475 ν
1013 1445 1123 1483 Pacis
1135 1444 1244 1505 equi-

118 1499 207 1537 dem
237 1513 385 1552 semper
410 1510 540 1540 auctor
562 1501 644 1540 fui:
675 1501 740 1540 sed
764 1509 850 1539 tum
876 1513 970 1539 sero.
1013 1499 1111 1538 Erat
1139 1499 1243 1537 enim

116 1554 292 1614 amentis,
309 1568 398 1593 curn
413 1555 532 1593 aciem
545 1555 703 1603 videres,
719 1568 853 1607 pacem
870 1555 1046 1606 cogitare.
1076 1552 1240 1601 Omnes,

115 1607 290 1668 inquam,
312 1609 460 1648 vincere
479 1610 728 1648 volebamus:
758 1617 801 1647 tu
821 1617 920 1647 certe
944 1607 1150 1660 praecipue,
1172 1607 1241 1658 qui

114 1661 155 1699 in
175 1674 264 1700 eum
278 1663 406 1701 locum
420 1664 598 1711 venisses,
612 1664 680 1702 ubi
694 1664 765 1702 tibi
780 1671 875 1702 esset
893 1662 1149 1714 pereundum,
1165 1661 1240 1699 nisi

117 1715 292 1755 vicisses.
324 1730 577 1769 quamquam,
598 1725 642 1756 ut
661 1730 764 1756 nunc
785 1731 823 1756 se
842 1731 901 1756 res
919 1716 1049 1764 habet,
1070 1727 1147 1753 non
1167 1715 1245 1753 du-

117 1770 212 1817 bito,
233 1771 328 1823 quin
342 1772 442 1810 hanc
457 1773 617 1810 salutem
635 1782 842 1824 anteponas
860 1771 919 1809 illi
938 1770 1114 1809 victoriae.

171 1825 225 1863 X.
256 1825 354 1863 Haec
372 1839 442 1877 ego
461 1839 537 1864 non
557 1826 736 1873 dicerem,
758 1826 929 1871 Tubero,
944 1825 975 1863 si
993 1832 1060 1862 aut
1073 1837 1138 1862 vos
1152 1835 1244 1861 con-

118 1879 266 1918 stantiae
285 1887 432 1926 vestrae,
453 1888 520 1918 aut
539 1880 730 1919 Caesarem
746 1879 920 1918 beneficii
939 1879 1011 1927 sui,
1029 1878 1241 1931 poeniteret.

118 1932 237 1972 Nunc
255 1946 399 1985 quaero,
420 1942 552 1972 utrum
571 1942 713 1973 vestras
732 1934 906 1983 injurias,
933 1946 982 1970 an
1006 1932 1241 1983 reipublicae,

117 1987 412 2038 persequamini.
449 1988 491 2026 Si
519 1989 752 2039 reipublicae,
785 1988 880 2039 quid
909 1987 956 2025 de
983 1987 1107 2024 vestra
1132 1986 1172 2023 in
1196 1986 1242 2023 63

108 2041 233 2079 causa
249 2042 528 2093 perseverantia
551 2043 824 2094 respondebitis
839 2044 856 2080 Ρ
886 2041 918 2079 31
929 2048 1083 2087 vestras,
1099 2039 1238 2087 videte,

119 2105 168 2132 ne
185 2095 329 2144 erretis,
357 2096 425 2148 qui
444 2096 634 2135 Caesarem
653 2097 786 2135 vestris
810 2095 975 2134 inimicis
999 2094 1141 2132 iratum
1160 2094 1242 2132 fore

119 2148 273 2200 putetis,
292 2162 382 2188 cum
400 2150 586 2201 ignoverit
600 2150 690 2189 suis.

174 2202 312 2255 Itaque
339 2216 436 2243 num
460 2205 530 2243 tibi
548 2204 691 2253 videor,
712 2204 854 2252 Caesar,
885 2204 925 2242 in
956 2202 1070 2242 causa
1090 2201 1239 2254 Ligarii
