1509 2397
329 90 674 131 PHILIPPICA
705 92 833 131 XIII.
865 93 972 131 (2³1³.
1004 94 1068 132 21.
1193 94 1274 132 389

138 200 282 251 casm,
316 199 538 240 adolescens
568 200 725 240 summa
754 201 900 254 pietate
923 209 961 241 et
990 201 1180 241 memoria
1210 215 1281 254 pa-

138 256 257 297 rentis
273 255 334 295 sui
350 257 370 294 ἓ
397 254 538 294 deinde
558 256 689 295 Pansa
714 263 753 295 et
776 255 947 305 Hirtius,
979 257 1048 308 qm·
1068 257 1179 309 quasi
1198 269 1282 296 cor-

138 324 219 350 nua
236 310 318 350 duo
333 317 543 350 tenuerunt
564 310 741 359 caesaris,
756 318 857 359 tum,
878 324 969 350 cum
988 311 1067 350 illae
1086 324 1173 350 vere
1191 324 1281 363 par-

140 374 196 406 toe
221 367 459 405 vocabantur
475 368 493 404 ἓ
524 365 602 404 Hae
621 378 710 405 vero
729 378 820 417 quae
837 373 929 404 sunt
947 373 1089 417 partes,
1111 378 1201 404 cum
1224 365 1283 404 al·

138 420 230 460 teris
248 422 401 460 senatus
419 420 640 469 auctoritas,
661 420 799 472 populi
821 420 993 459 Romani
1013 420 1183 468 libertas,
1210 420 1285 458 rei-

140 475 307 528 publicae
326 475 430 514 salus
458 474 654 527 proposita
673 475 723 514 sit
741 489 753 521 ς
784 474 913 514 alteris
932 475 1054 514 caedes
1073 477 1284 522 bonorum,

143 529 269 569 Urbis
296 529 501 582 Italiaeque
531 529 688 582 partitio
706 532 724 569 ’ἓ
755 529 974 569 Veniamus
1002 528 1213 582 aliquando
1238 529 1289 568 ad

141 585 373 624 clausulam.

199 638 322 679 XXI.
355 641 384 662 ‘⁶
406 639 574 691 Legatos
593 639 723 679 venire
741 651 820 678 non
839 639 996 687 credo,''
1098 639 1209 679 Bene
1226 651 1292 678 me

143 694 268 734 novit.
300 697 329 718 “
349 693 512 733 Bellum
533 707 611 746 quo
637 695 767 733 veniat
784 695 824 732 :''
853 695 1051 747 proposito
1075 693 1291 746 praesertim

143 749 325 802 exemplo
344 748 575 788 Dolabellae.
605 750 806 788 Sanctiore
825 758 938 788 erunt
965 749 1110 797 (credo)
1128 749 1216 799 jure
1235 749 1292 787 le-

142 804 238 856 gati,
274 817 395 857 quam
430 803 509 842 duo
534 805 725 852 consules,
758 812 891 842 contra
917 817 1014 856 quos
1047 817 1158 842 arma
1188 803 1292 849 fert3

142 872 265 911 quam
286 859 432 907 Caesar,
452 859 566 908 cujus
591 859 712 911 patris
731 859 874 898 flamen
895 866 950 897 est
968 873 980 905 3
1013 871 1135 911 quam
1155 858 1294 897 consul

144 913 384 964 designatus,
412 926 532 966 quem
558 920 787 966 oppugnat3
819 926 939 966 quam
970 913 1147 961 Mutina,
1173 925 1296 965 quam

145 968 296 1007 obsidet
313 982 326 1014 ς
357 981 477 1021 quam
497 970 634 1020 patria,
660 969 722 1007 cui
742 968 872 1020 ignem
893 968 1119 1020 ferrumque
1138 968 1298 1006 minita-

147 1030 228 1062 tur.
255 1025 284 1063 ‘.‘
305 1024 411 1062 Cum
445 1023 633 1072 venerint,
661 1037 750 1076 quae
780 1024 992 1076 postulent,
1021 1023 1296 1075 cognoscam.”

148 1077 261 1126 Quin
281 1085 324 1116 tu
345 1078 428 1117 abis
458 1077 497 1115 in
526 1079 672 1116 malam
698 1087 862 1130 pestem,
890 1079 1121 1130 malumque
1151 1078 1298 1117 crucia-

148 1141 236 1172 tum
256 1133 266 1170 !
298 1132 368 1171 Ad
389 1140 426 1171 te
446 1133 656 1185 quisquam
675 1133 818 1180 veniat,
838 1133 913 1171 nisi
930 1133 1108 1172 Ventidii
1128 1133 1266 1171 similis
1280 1134 1298 1171 ἶ)

149 1187 293 1227 Oriens
322 1187 548 1226 incendium
578 1188 647 1240 qui
674 1187 970 1240 restinguerent,
997 1200 1171 1226 summos
1199 1187 1301 1226 viros

150 1242 359 1281 misimus:
391 1242 628 1294 repudiasti:
675 1255 781 1281 nunc
810 1243 868 1285 111,
890 1251 1040 1280 tantam
1079 1241 1300 1288 flammam,

152 1304 312 1349 tamque
330 1296 599 1344 inveteratam,
613 1297 834 1347 mittamus,
857 1310 948 1335 cum
968 1297 1101 1336 locum
1121 1296 1194 1335 tibi
1213 1296 1304 1335 reli-

151 1365 293 1404 quum,
328 1364 408 1391 non
438 1351 555 1390 modo
580 1352 630 1391 ad
648 1365 799 1404 pacem,
821 1351 888 1391 sed
913 1364 962 1391 ne
989 1351 1039 1390 ad
1066 1351 1303 1390 deditionem

153 1407 331 1459 quidem,
358 1406 530 1453 feceris?

210 1462 328 1501 Hanc
357 1474 428 1514 ego
459 1461 676 1513 epistolam,
706 1468 834 1513 patres
867 1461 1087 1514 conscripti,
1119 1473 1197 1500 non
1225 1473 1305 1513 quo

156 1515 272 1555 illum
292 1516 457 1578 dignum
477 1524 673 1578 putarem,
695 1516 865 1565 recitavi,
887 1516 952 1555 sed
979 1524 1038 1564 ut,
1060 1515 1309 1555 confessioni-

155 1573 230 1611 bus
255 1571 393 1623 ipsius,
413 1571 547 1610 omnia
571 1571 762 1622 patefacta
789 1572 823 1620 ej
831 1585 873 1610 us
893 1571 1102 1633 parricidia
1117 1570 1312 1609 videretis.

158 1626 264 1666 Cum
283 1626 356 1665 hoc
375 1639 511 1678 pacem
538 1625 600 1664 M.
624 1625 814 1678 Lepidus,
844 1626 902 1664 vir
928 1625 1195 1665 ornatissimus
1223 1638 1311 1664 om-

158 1681 274 1720 nibus
294 1680 447 1719 virtutis
473 1688 511 1720 et
529 1680 698 1719 fortunae
723 1680 849 1730 bonis,
871 1681 904 1719 si
926 1681 1009 1719 haec
1034 1681 1181 1719 videret
1200 1679 1311 1718 deni-

160 1749 252 1789 que,
274 1743 343 1775 aut
362 1736 491 1784 vellet,
513 1743 582 1774 aut
601 1736 684 1774 fieri
699 1748 809 1787 posse
828 1736 1080 1774 arbitraretur
1095 1737 1113 1774 ?
1147 1738 1174 1758 “
1193 1734 1312 1774 Prius

160 1791 278 1830 undis
298 1791 504 1853 flamma,’‘
534 1799 579 1829 ut
598 1790 652 1829 ait
672 1795 788 1842 poe'ta
810 1790 939 1829 nescio
966 1790 1084 1842 quis,
1073 1804 1083 1814 ·
1114 1789 1225 1842 prius
1244 1789 1313 1828 de-

161 1846 286 1899 nique
310 1846 458 1893 omnia,
489 1859 611 1898 quam
639 1854 707 1884 aut
737 1858 827 1884 cum
854 1845 1041 1884 Antoniis
1074 1844 1309 1897 respublica,

164 1909 235 1940 aut
247 1913 338 1941 cum
350 1901 553 1955 republica
568 1900 738 1939 Antonii
752 1900 935 1939 redeant
925 1912 966 1938 111
981 1900 1162 1952 gratiam.
1194 1899 1316 1938 Mon-

164 1962 244 2003 stra
278 1955 461 2008 quaedam
481 1963 574 1994 sunt
602 1955 690 2003 ista,
713 1962 750 1994 et
770 1962 966 2017 portenta,
988 1962 1024 1995 et
1044 1954 1223 2007 prodigia
1241 1953 1317 1992 rei-

166 2010 348 2063 publicae.
379 2010 537 2049 Moveri
559 2010 716 2049 sedibus
747 2010 826 2049 suis
856 2010 949 2049 huic
973 2010 1064 2048 urbi
1083 2009 1223 2047 melius
1243 2015 1316 2057 est,

169 2074 288 2118 atque
302 2064 385 2119 [in]
400 2065 509 2113 alias,
526 2065 558 2104 si
577 2065 660 2103 fieri
671 2065 805 2117 possit,
829 2073 948 2104 terras
963 2064 1192 2116 demigrare,
1213 2063 1318 2102 unde

170 2120 440 2159 Antoniorum
459 2132 529 2159 nec
548 2119 650 2158 facta
669 2133 739 2159 nec
754 2132 897 2158 nomen
913 2119 1060 2168 audiat,
1074 2132 1195 2171 quam
1213 2119 1316 2166 illos,

171 2174 334 2214 Caesaris
364 2175 508 2215 virtute
539 2175 694 2224 ejectos,
729 2175 848 2214 Bruti
880 2182 1063 2223 retentos,
1098 2174 1200 2212 intra
1233 2173 1317 2212 haec

176 2230 319 2270 moenia
348 2229 489 2270 videre.
531 2229 837 2284 Optatissimum
872 2237 929 2269 est
961 2229 1138 2269 vincere:
1179 2241 1318 2268 secun-

920 2287 945 2324 ‘2
972 2296 996 2323 1,
1018 2286 1042 2323 3
