1509 2397
552 540 780 582 ORATIO
817 543 1022 583 XXXIX.

327 818 455 868 PRO
493 821 546 868 C.
584 821 864 869 RABIRIO
900 818 1242 869 POSTUMO.

688 991 880 1026 -ψ-

565 1116 1009 1157 ARGUMENTUM.

225 1241 279 1280 A.
308 1241 558 1290 GABINIL'S,
587 1257 676 1282 cum
701 1243 743 1281 in
767 1243 879 1295 Syri&
903 1238 1163 1294 proconsulari
1186 1239 1347 1293 imperio

224 1303 335 1344 esset,
349 1310 371 1334 a
388 1297 595 1336 Ptolemaeo
608 1311 695 1349 rege
708 1298 872 1349 AEgypti
892 1296 1023 1336 decem
1035 1295 1209 1335 millibus
1223 1295 1345 1334 talen-

223 1353 308 1388 tfim
338 1351 512 1403 acceptis,
544 1365 659 1390 ausus
682 1360 737 1390 est
763 1364 853 1390 eum
881 1351 922 1388 in
947 1363 1111 1402 regnum
1133 1349 1345 1395 restituere,

223 1415 301 1441 non
333 1405 449 1443 modo
478 1405 557 1444 sine
583 1406 664 1443 ullo
689 1413 756 1444 aut
778 1405 913 1457 populi
934 1406 1045 1454 jussu
1081 1412 1149 1442 aut
1178 1405 1346 1442 senatos-

223 1459 412 1505 consulto,
446 1459 511 1497 sed
541 1459 656 1497 etiam
682 1467 813 1498 contra
835 1458 1235 1498 senatos-consultum.
1266 1456 1347 1495 Ita-

222 1522 313 1563 que,
334 1525 423 1550 cum
443 1527 490 1551 ex
509 1513 704 1564 provincia
729 1513 889 1552 redisset
907 1513 1092 1557 Romam,
1117 1525 1205 1550 reus
1223 1511 1346 1549 factus

223 1573 294 1614 est,
314 1566 398 1617 lege
427 1567 553 1612 Julia,
580 1567 628 1605 de
652 1566 886 1618 repetundis,
916 1580 939 1604 a
967 1566 1012 1604 G.
1045 1565 1261 1611 Memmio;
1291 1572 1343 1609 et,

222 1620 398 1670 quamvis
417 1620 643 1658 defendente
663 1621 858 1668 Cicerone,
886 1619 1161 1659 condemnatus
1179 1628 1245 1658 est.
1276 1618 1346 1656 Lis

222 1673 408 1712 aestimata
433 1682 489 1712 est
517 1674 676 1712 totidem
702 1675 869 1721 talentis,
889 1681 984 1726 quot
1009 1681 1213 1724 acceperat.
1244 1671 1346 1720 Quae

222 1739 376 1764 summa
393 1727 566 1778 pecuniae
593 1741 683 1766 cum
712 1742 761 1766 ex
785 1728 896 1767 bonis
922 1727 1080 1765 Gabinii
1099 1726 1250 1765 redaeta
1267 1737 1344 1763 non

223 1788 332 1827 esset,
354 1781 488 1819 eadem
513 1782 601 1832 lege
617 1782 645 1819 J
648 1782 729 1820 uh&
756 1789 953 1821 accusatus
972 1789 1028 1819 est
1047 1780 1230 1818 Rabirius
1250 1780 1345 1818 Pos-

221 1842 368 1883 tumus,
389 1848 504 1886 eques
523 1835 742 1883 Romanus,
762 1835 867 1888 quod
881 1835 931 1873 ad
945 1847 1034 1873 eum
1052 1847 1140 1885 pars
1158 1834 1263 1872 illius
1279 1845 1347 1884 pe-

221 1888 344 1926 cuniae
361 1888 622 1940 pervenisset3
652 1897 697 1927 ut
721 1889 767 1937 is,
797 1889 901 1942 quod
920 1901 1083 1927 summae
1108 1888 1239 1926 decem
1257 1887 1346 1924 mil-

220 1941 320 1980 lium
338 1943 526 1980 talenttxm
545 1942 704 1989 deesset,
726 1943 896 1982 solveret.
927 1942 1002 1981 Est
1026 1954 1115 1993 ergo
1134 1954 1247 1979 causa
1265 1941 1346 1978 Ra-

219 1995 309 2033 birii
338 1996 592 2048 appendicula
615 2010 739 2034 causae
768 1996 1011 2043 Gabinianae,
1032 1996 1164 2033 eodem
1195 2007 1347 2033 accusa·

220 2056 314 2097 tore,
340 2050 474 2088 eodem
508 2049 704 2088 defensore
733 2058 828 2088 acta.
867 2049 1110 2089 Defensionis
1142 2048 1225 2087 haec
1252 2047 1348 2086 inita

221 2110 279 2141 est
301 2103 398 2142 ratio
428 2117 452 2142 a
471 2103 666 2150 Cicerone,
696 2110 742 2142 ut
772 2104 985 2143 ostenderet
1015 2103 1155 2155 primo,
1185 2102 1270 2153 lege
1298 2100 1347 2138 de

220 2157 439 2207 repetundis
459 2165 673 2208 equestrem
692 2157 865 2197 ordinem
891 2170 969 2197 non
998 2156 1132 2205 teneri,
1153 2169 1240 2208 quae
1257 2168 1347 2194 ava·
