1509 2397
333 84 676 125 PHILIPPICA
696 85 824 126 VIII.
853 85 959 126 CAP.
979 89 1019 126 5.
1156 89 1232 128 311

117 193 222 246 quod
239 201 325 233 tuas
342 194 505 233 rationes
535 195 806 233 communibus
830 196 1054 247 anteponis;
1084 196 1235 245 deinde,

115 248 221 300 quod
237 247 452 300 quidquam
471 249 633 287 stabile
621 261 663 286 m
681 262 812 300 regno,
834 257 900 288 aut
915 251 1147 299 jucundum,
1163 265 1237 303 pu-

115 309 186 340 tas.
216 303 323 349 Non,
339 302 373 340 si
391 303 462 341 tibi
481 311 591 341 antea
609 302 768 354 profuit,
789 316 939 355 semper
957 305 1137 366 proderit.

156 356 385 404 Quinetiam
394 357 587 403 (memini)
601 358 648 395 de
659 357 740 405 illo,
754 357 924 406 homine,
941 359 1050 409 queri
1062 361 1207 399 solebas
1221 377 1232 400 ε

111 410 208 463 quid
221 418 260 449 te
276 410 470 449 facturum
485 410 532 449 de
549 411 679 449 bellua
692 414 837 462 putas?
866 412 994 463 Atqui
1010 413 1079 461 ais,
1094 427 1183 452 eum
1198 423 1237 454 te

111 477 204 513 oese,
213 465 282 517 qui
288 477 437 516 semper
447 477 581 516 pacem
593 465 750 516 optaris,
760 478 836 504 sem
841 479 908 517 per
915 478 1046 504 omnes
1054 468 1151 506 cives
1161 470 1234 507 sal-

111 530 178 557 vos
189 519 365 557 volueris.
396 519 570 557 Honesta
584 519 717 567 oratio,
734 520 799 557 sed
810 520 877 568 ita,
892 520 922 558 si
941 522 1059 558 bonos
1072 529 1109 559 et
1121 523 1235 561 utiles

108 573 328 625 reipublicae
348 573 470 612 cives:
502 573 560 611 sin
580 586 656 620 eos,
677 573 746 624 qui
764 574 903 612 natura
923 574 1021 612 cives
1040 584 1143 623 sunt,
1166 590 1232 615 vo-

108 627 257 666 luntate
274 627 414 675 hostes,
436 627 557 666 salvos
576 627 695 672 velis;
727 628 822 679 quid
833 628 1015 666 tandem
1004 636 1159 668 interest
1172 631 1233 668 in-

108 688 166 720 ter
183 688 221 720 te
240 689 278 720 et
301 681 419 720 illos?
450 682 566 720 Pater
584 681 742 733 quidem
760 689 866 730 tuus,
896 696 982 734 quo
992 685 1127 722 utebar
1145 697 1234 724 sene

108 736 339 798 adolescens,
351 736 469 774 homo
484 749 634 774 severus
649 744 685 773 et
696 736 880 787 prudens,
896 737 1040 788 primas
1052 739 1230 777 omnium

106 790 251 828 civium
270 791 316 828 P.
338 790 506 852 Nasicae,
527 790 596 841 qui
614 789 678 827 Ti.
697 790 917 828 Gracchum
929 791 1129 839 interfecit,
1143 793 1234 831 dare

108 845 252 883 solebat
269 859 278 882 ε
319 845 402 894 ejus
440 844 543 882 enim
577 844 729 891 virtute,
765 845 934 892 consilio,
965 846 1234 897 magnitudine

104 899 240 972 animi,
260 898 461 937 liberatam
479 898 759 950 rempublicam
774 899 1041 937 arbitrabatur.

161 952 293 1014 Quid.
282 953 300 975 '²
318 965 388 991 nos
400 966 422 990 a
433 953 605 1004 patribus
624 964 721 990 num
741 953 850 991 aliter
861 954 1075 1005 accepimus
1086 954 1105 991 ?
1123 954 1232 1007 Ergo

105 1007 138 1046 is
152 1007 223 1045 tibi
233 1007 338 1055 civis,
353 1006 385 1045 si
398 1007 636 1058 temporibus
650 1007 726 1044 illis
737 1006 886 1054 fuisses,
900 1020 978 1046 non
989 1011 1232 1060 probaretur,

107 1061 200 1114 quia
220 1073 306 1100 non
338 1073 470 1100 omnes
496 1061 619 1099 salvos
650 1074 730 1099 esse
753 1062 947 1100 voluisset.
979 1066 1007 1085 ‘⁶
1033 1063 1151 1111 Quod
1180 1065 1229 1102 L.

106 1115 291 1168 Opimius
309 1115 442 1154 consul
456 1117 571 1153 verba
589 1115 678 1153 fecit
692 1115 740 1153 de
758 1128 798 1154 re
817 1116 986 1167 publica,
1003 1117 1050 1155 de
1066 1131 1109 1156 ea
1124 1132 1165 1156 re
1178 1119 1233 1157 ita

106 1176 348 1218 censuerunt,
368 1169 440 1208 Uti
459 1169 643 1220 Opimius
662 1171 795 1208 consul
808 1171 1086 1221 rempublicam
1101 1172 1236 1210 defen-

106 1225 252 1263 deret-'⁹
293 1224 456 1262 Senatus
473 1223 556 1262 haec
574 1224 712 1270 verbis,
745 1223 929 1275 Opimius
948 1225 1077 1263 armis.
1118 1227 1230 1266 Num

105 1279 225 1330 igitur
242 1290 347 1325 eum,
368 1278 400 1316 si
417 1285 501 1315 tum
523 1291 634 1322 65565,
655 1278 902 1316 temerarium
921 1279 1042 1317 civem
1063 1288 1129 1318 aut
1144 1294 1231 1319 cru-

107 1333 233 1372 delem
251 1334 438 1384 putares?
460 1339 526 1370 aut
539 1331 591 1379 Q.
606 1332 830 1394 Metellum,
851 1334 961 1382 cujus
980 1342 1145 1385 quatuor
1159 1335 1232 1372 filii

103 1387 352 1426 consulam?
383 1386 430 1424 P.
458 1386 687 1447 Lentulum,
707 1386 919 1447 principem
939 1390 1103 1435 senatus,
1126 1401 1231 1427 com—

104 1442 236 1493 plures
255 1441 349 1479 alios
368 1453 539 1478 summos
559 1440 671 1501 viros,
693 1440 774 1491 qui,
796 1453 885 1478 cum
901 1441 949 1479 L.
967 1441 1127 1493 Opimio
1142 1455 1232 1481 con-

104 1496 202 1542 sule,
216 1495 355 1534 armati
368 1494 612 1533 Gracchum
601 1507 639 1531 m
653 1495 897 1533 Aventinum
912 1496 1101 1547 persecuti
1113 1504 1221 1536 sunt.
1211 1499 1230 1525 ⁹

102 1563 184 1602 quo
201 1550 243 1588 in
260 1549 394 1601 proelio
413 1549 605 1587 Lentulus
589 1562 735 1599 sgrave
753 1549 895 1587 vulnus
914 1550 1083 1601 accepit3
1114 1550 1231 1590 inter-

102 1605 224 1643 fectus
237 1610 292 1642 est
308 1603 518 1647 Gracchus,
533 1611 570 1641 et
582 1603 644 1640 M,
659 1603 821 1642 Fulvius
835 1605 1055 1652 consularis,
1070 1606 1231 1658 ejusque

100 1658 178 1697 duo
196 1658 467 1696 adolescentuli
486 1657 567 1695 6111.

155 1713 209 1752 V.
239 1712 307 1751 Illi
335 1712 455 1763 igitur
483 1712 556 1751 viri
587 1711 853 1764 vituperandi.
883 1725 961 1750 non
994 1726 1098 1751 enrm
1130 1713 1231 1753 cives

102 1779 236 1806 omnes
255 1767 377 1805 salvos
391 1779 470 1804 esse
488 1766 703 1804 voluerunt.
732 1767 800 1804 Ad
819 1767 997 1818 propiora
1015 1768 1227 1806 veniamus.

102 1821 150 1861 C.
172 1821 316 1868 Mario,
338 1820 386 1858 L.
403 1820 575 1868 Valerio,
590 1821 824 1869 consulibus,
845 1829 998 1859 senatus
1016 1822 1228 1873 rempubli-

103 1887 189 1915 cam
222 1874 501 1913 defendendam
538 1874 667 1913 dedit:
699 1875 748 1913 L.
782 1876 1014 1914 Saturninus
1050 1876 1228 1915 tribunus

102 1929 240 1982 plebis,
258 1928 421 1968 Glaucia
432 1937 584 1981 praetor,
599 1937 655 1967 est
665 1929 898 1968 interfectus.
921 1929 1070 1968 Omnes
1083 1930 1152 1968 1110
1166 1930 1231 1969 die

102 1984 252 2032 Scauri,
284 1983 453 2031 Metelli,
484 1983 655 2031 Claudii,
680 1983 824 2031 Catuli,
858 1984 1052 2032 Scaevolae,
1083 1983 1226 2033 Crassi,

102 2051 212 2076 arma
230 2044 461 2076 sumserunt.
491 2038 604 2075 Num
616 2045 684 2076 aut
697 2011 872 2076 consules
889 2038 991 2084 illos,
1013 2045 1080 2076 aut
1099 2038 1228 2077 claris-

101 2092 218 2132 simos
231 2092 344 2140 viros,
360 2091 631 2144 vituperandos
641 2094 786 2144 putas?
815 2091 903 2143 Ego
918 2092 1126 2131 Catilinam
1140 2105 1227 2144 per-

99 2149 155 2187 ire
173 2145 302 2185 volui:
332 2157 429 2184 num
447 2154 506 2193 tu,
527 2146 595 2198 qui
614 2158 746 2185 omnes
777 2146 900 2184 salvos
918 2146 988 2194 vis,
1018 2146 1224 2185 Catilinam

97 2201 249 2242 salvum
277 2213 355 2238 6566
383 2200 571 2238 xoluisti?
616 2200 704 2239 Hoc
730 2200 901 2246 interest,
934 2199 1093 2247 Calene,
1126 2200 1225 2238 inter
