1509 2397
249 101 309 138 862
508 98 623 139 PRO
652 98 900 138 MILONE.
929 100 1034 139 Cap.
1063 100 1101 144 7.

250 220 329 259 quo
351 219 459 246 arma
477 207 674 246 Saturnini
707 220 886 260 oppressa
904 214 1008 256 sunt,
1028 207 1176 246 etiamsi
1195 219 1216 246 e
1232 221 1273 247 re
1290 204 1377 260 puss·

248 261 364 308 blica,
384 262 660 313 rempublicam
678 269 806 300 tamen
826 274 903 300 non
922 262 1184 300 vulnerarunt.

305 315 381 354 VI.
413 316 550 368 Itaque
569 328 638 366 ego
656 316 737 367 ipse
764 316 923 364 decrevi,
944 329 1032 354 cum
1058 316 1200 354 caedem
1218 315 1259 353 in
1277 315 1367 368 Ap-

251 370 318 421 pia
334 370 475 408 factam
495 383 574 407 esse
593 377 790 416 constaret,
810 382 888 408 non
908 383 1011 417 eum,
1032 371 1099 422 qui
1118 383 1158 408 se
1176 369 1366 409 defendis-

254 432 323 472 set,
344 431 474 462 contra
491 424 769 475 rempublicam
787 424 941 469 fecisse3
972 424 1050 472 sed,
1071 437 1160 462 cum
1174 424 1313 463 inesset
1324 424 1366 462 in

254 491 295 516 re
324 478 380 516 vis
413 486 450 516 et
490 477 651 524 insidiae,
692 478 835 516 crimen
864 477 1008 527 judicio
1044 478 1255 524 reservavi3
1284 491 1367 517 rem

255 532 395 570 notavi.
426 531 544 580 Quod
563 532 608 578 si,
628 545 695 582 per
720 531 906 570 furiosum
935 532 1049 570 illum
1074 533 1288 579 tribunum,
1309 545 1368 570 se-

254 586 377 634 natui,
394 585 498 637 quod
511 586 708 631 sentiebat,
722 586 899 637 perficere
913 586 1094 634 licuisset,
1109 598 1250 624 novam
1262 599 1379 637 quae-

256 640 417 678 stionem
435 653 538 678 nunc
562 640 711 677 nullam
725 640 963 678 haberemus.
992 639 1232 678 Decernebat
1250 640 1369 690 enim„

257 702 316 742 ut,
339 694 528 732 veteribus
556 694 718 744 legibus,
752 693 1020 732 tantummodo
1046 701 1153 732 extra
1181 693 1380 744 ordinem,

258 756 500 800 quaereretur.
531 747 667 785 Divisa
695 748 880 786 sententia
904 755 973 796 est,
1003 748 1220 809 postulante
1247 748 1378 787 nescio

259 815 362 854 quo:
393 803 490 840 nihil
519 802 623 839 enim
652 814 800 840 necesse
829 809 898 849 est,
932 802 1108 840 omnium
1139 813 1203 839 me
1216 801 1379 868 flagitia

258 856 437 908 proferre.
467 856 529 895 Sic
547 856 696 907 reliqua
719 856 922 894 auctoritas
941 858 1106 904 senatuS,
1135 854 1239 893 emta
1256 855 1374 894 inter-

258 910 435 958 cessione,
457 910 606 948 sublata
625 917 692 947 est.

313 965 373 1002 At
391 965 493 1002 enim
514 964 586 1002 Cn.
609 963 829 1015 Pompeius,
856 963 1049 1014 rogatione
1067 976 1136 1001 3113
1159 970 1198 1001 et
1215 963 1262 1002 de
1280 976 1321 1003 re
1339 971 1378 1003 et

260 1018 308 1056 de
326 1031 440 1056 031133
457 1018 669 1067 judicavit:
700 1018 789 1056 tulit
808 1018 910 1056 enim
929 1017 976 1055 de
995 1017 1108 1065 caede,
1125 1030 1213 1069 quae
1230 1018 1270 1055 in
1289 1019 1379 1070 Ap-

261 1072 327 1124 pia
352 1072 410 1110 via
434 1072 534 1111 facta
556 1079 665 1117 esset,
691 1072 732 1109 in
758 1073 837 1123 qua
862 1072 907 1109 P.
933 1071 1092 1110 Clodius
1117 1072 1260 1110 occisus
1289 1072 1376 1111 fuit.

263 1126 371 1174 Quid
387 1139 475 1177 ergo
489 1126 578 1164 tulit
594 1128 611 1164 Ρ
642 1126 797 1177 Nempe
809 1134 855 1164 ut
872 1134 1113 1177 quaereretur.
1144 1125 1252 1174 Quid
1266 1139 1380 1178 porro

264 1180 515 1232 quaerendum
534 1188 589 1218 est
605 1182 622 1218 ἓ
652 1179 846 1218 factumne
866 1180 944 1218 sit?
973 1187 1013 1217 at
1030 1187 1199 1218 constat:
1231 1193 1254 1218 a
1272 1181 1379 1232 quo?

265 1242 305 1272 at
322 1242 437 1285 patet.
468 1234 592 1280 Vidit,
621 1233 738 1271 etiam
763 1233 802 1271 in
828 1233 1060 1272 confessione
1077 1233 1185 1294 facti,
1205 1234 1304 1283 juris
1322 1241 1382 1273 ta-

266 1301 357 1326 men
383 1288 641 1326 defensionem
661 1287 801 1339 suscipi
817 1300 937 1338 posse.
967 1287 1086 1335 Quod
1114 1287 1188 1325 nisi
1209 1287 1386 1338 vidisset,

266 1354 375 1393 posse
407 1342 553 1380 absolvi
578 1355 682 1402 311111,
704 1342 772 1393 qui
796 1341 1002 1387 fateretur;
1031 1354 1120 1380 cum
1146 1340 1290 1380 videret
1311 1354 1387 1381 nos

266 1395 389 1442 fateri,
419 1408 544 1448 neque
563 1396 682 1447 quaeri
701 1409 875 1447 unquam
891 1396 1076 1445 jussisset,
1096 1407 1166 1434 nec
1183 1395 1291 1434 vobis
1302 1403 1383 1435 tam

268 1449 473 1488 salutarem
503 1450 601 1488 hanc
630 1450 671 1488 in
697 1450 906 1499 judicando
933 1450 1097 1497 literam,
1129 1462 1248 1501 quam
1274 1449 1391 1488 illam

269 1504 430 1551 tristem,
451 1504 624 1542 dedisset.
654 1504 760 1542 Mihi
774 1516 863 1542 vero
875 1504 946 1543 Cn.
962 1503 1170 1555 Pompeius
1180 1515 1258 1541 non
1270 1504 1390 1543 modo

270 1558 364 1595 nihi]
396 1559 550 1609 gravius
575 1566 704 1596 contra
730 1558 922 1597 Milonem
948 1557 1151 1607 judicasse,
1179 1557 1245 1596 sed
1270 1558 1386 1596 etiam

272 1611 448 1650 statuisse
460 1612 623 1661 videtur,
638 1612 732 1664 quid
743 1625 809 1651 vos
819 1613 860 1650 in
868 1611 1075 1662 judicando
1089 1618 1255 1663 spectare
1272 1624 1389 1664 opor-

271 1672 378 1703 teret.
409 1666 529 1713 Nam,
557 1667 627 1717 qui
655 1679 733 1705 non
769 1679 921 1718 poenam
948 1665 1185 1714 confessioni,
1217 1665 1284 1703 sed
1319 1666 1387 1704 de«

272 1719 496 1766 sensionem,
531 1719 648 1768 dedit,
678 1720 711 1758 is
740 1733 895 1758 causam
923 1719 1097 1758 interitus
1125 1719 1386 1770 quaerendam,

273 1784 352 1811 non
377 1773 590 1821 interitum,
621 1774 783 1825 putavit.
811 1774 907 1812 Jam
938 1773 1037 1811 illud
1062 1773 1161 1811 dicet
1191 1773 1273 1825 ipse
1301 1786 1389 1825 pro-

274 1826 387 1873 fecto,
407 1827 512 1879 quod
530 1828 602 1865 3113
619 1835 754 1879 sponte
772 1828 876 1877 fecit,
898 1828 1089 1866 Publione
1114 1827 1250 1866 Clodio
1267 1828 1392 1867 tribu-

275 1881 418 1920 endum
438 1881 598 1933 putarit,
619 1894 668 1920 an
688 1883 862 1934 tempori.

330 1935 431 1974 VII.
462 1935 583 1974 Domi
602 1949 679 1974 suae
696 1936 956 1975 nobilissimus
970 1936 1041 1984 vir,
1058 1937 1208 1974 senatus
1225 1948 1395 1988 propug-

276 1996 400 2037 nator,
421 1996 551 2042 atque,
576 1989 653 2028 illis
677 1991 834 2042 quidem
862 1990 1114 2042 temporibus,
1137 2002 1248 2051 paene
1267 1998 1397 2041 patro-s

275 2055 364 2091 nus,
386 2044 598 2082 avunculus
627 2044 745 2093 hujus
774 2045 893 2083 nostri
914 2044 1068 2094 judicis,
1093 2043 1289 2083 fortissimi
1308 2044 1395 2095 viri,

277 2097 340 2136 Μ.
362 2097 532 2146 Catonis,
552 2097 730 2136 tribunus
749 2099 871 2150 plebis
897 2098 959 2136 M.
980 2098 1147 2146 Drusus,
1168 2098 1310 2137 occisus
1325 2106 1397 2137 331

280 2151 321 2189 N
325 2151 396 2190 11111
415 2151 462 2191 (13
473 2153 556 2203 ejus
567 2159 689 2190 morte
700 2154 868 2204 populus
887 2153 1098 2202 consultus,
1113 2153 1222 2191 nulla
1239 2152 1400 2205 (11183110

282 2204 435 2246 decreta
452 2220 475 2245 a
504 2214 637 2246 senatu
656 2214 723 2246 est.
753 2207 958 2255 Quantum
983 2206 1163 2247 luctum
1151 2219 1193 2245 111
1217 2206 1289 2246 hac
1306 2207 1401 2245 urbe
