1509 2397
527 354 596 401 IN
631 355 701 402 M.
737 355 1102 405 ANTONIUM

632 464 860 516 Philippica
889 465 1027 504 Nona.

321 575 356 613 I.
386 573 552 613 VELLE
560 583 610 620 M,
630 570 699 609 Dii
710 571 945 611 immortales
957 572 1146 634 fecissent,
1161 580 1288 624 patres
1302 584 1392 612 con-

266 628 411 680 scripti,
428 636 472 666 ut
487 627 572 664 vivo
591 626 718 677 potius
733 626 813 664 Ser.
828 627 999 678 Sulpicio
1017 627 1157 678 gratias
1175 639 1390 678 ageremus,

269 695 388 734 quam
402 682 564 720 honores
576 687 728 718 mortuo
740 693 1008 742 quaereremus.
1041 681 1082 719 N
1085 694 1127 719 ec
1138 694 1226 719 vero
1241 681 1391 729 dubito,

269 736 379 788 quin,
401 735 432 774 si
445 735 511 773 ille
529 734 586 772 vir
605 734 836 785 legationem
855 735 1072 773 renuntiare
1090 735 1288 786 potuisset,
1309 735 1396 774 red-

268 790 345 828 itus
364 791 446 839 ejus
460 796 497 827 et
510 788 619 826 nobis
637 796 768 839 gratus
781 788 910 837 fuerit,
926 797 964 827 et
975 789 1194 841 reipublicae
1205 789 1395 838 salutaris,

269 844 450 882 futurus:
481 855 559 881 non
578 855 656 894 quo
676 842 725 880 L.
747 842 930 894 Philippo
950 851 987 881 et
1006 843 1055 881 L.
1078 843 1210 882 Pisoni
1228 852 1296 882 aut
1314 851 1397 882 stu-

271 897 382 936 dium
402 904 470 936 aut
489 910 580 935 cura
599 896 761 934 defuerit
778 896 819 934 in
838 903 945 935 tanto
963 896 1086 936 officio
1105 904 1289 949 tantoque
1306 910 1396 936 mu-

270 964 384 990 nere:
416 951 492 995 sed,
525 963 615 989 cum
641 951 722 989 Ser.
747 950 939 1002 Sulpicius
965 958 1075 990 aetate
1104 951 1190 990 illos
1217 951 1393 996 anteiret..

269 1005 458 1057 sapientia
475 1017 622 1053 omnes,
644 1004 770 1042 subito
790 1012 941 1056 ereptus
961 1018 982 1043 e
1000 1005 1130 1051 causa,
1150 1012 1269 1044 totam
1289 1006 1396 1057 lega-

271 1059 415 1098 tionem
449 1060 583 1098 orbam
603 1066 639 1096 et
657 1058 896 1096 debilitatam
921 1059 1088 1110 reliquit.
1117 1059 1237 1107 Quod
1263 1059 1295 1098 si
1313 1060 1396 1098 cui-

272 1126 391 1164 quam
411 1114 539 1163 justus
564 1113 684 1151 honos
713 1111 867 1150 habitus
893 1120 949 1151 est
971 1113 1013 1150 in
1041 1120 1164 1152 morte
1185 1114 1326 1165 legato,
1353 1114 1395 1152 in

273 1168 381 1206 nullo
415 1167 566 1216 justior,
606 1179 725 1218 quam
762 1167 803 1204 in
841 1168 922 1206 Ser.
957 1167 1142 1218 Sulpicio,
1175 1168 1396 1219 reperietur.

275 1220 428 1267 Caeteri,
450 1221 519 1273 qui
539 1221 580 1258 in
599 1220 788 1271 legatione
813 1228 979 1259 mortem
998 1221 1189 1270 obierunt,
1210 1221 1259 1259 ad
1275 1222 1398 1261 incer-

272 1283 358 1313 tum
378 1275 466 1313 vitae
490 1275 720 1326 periculum,
742 1275 822 1313 sine
844 1275 925 1313 ullo
943 1275 1078 1314 mortis
1096 1284 1217 1324 metu,
1237 1276 1397 1328 profecti

273 1336 363 1368 sunt
379 1344 389 1367 ι
421 1330 501 1368 Ser.
522 1329 715 1380 Sulpicius
744 1342 834 1367 cum
852 1329 984 1381 aliqua
1002 1329 1247 1380 perveniendi
1265 1330 1315 1368 ad
1333 1330 1396 1369 M.

271 1383 493 1424 Antonium
522 1396 588 1435 spe
613 1383 804 1435 profectus
832 1391 902 1431 est,
929 1384 1040 1422 nulla
1061 1383 1285 1422 revertendi.
1315 1383 1400 1432 Qui

272 1450 367 1477 cum
385 1438 440 1476 ita
457 1437 614 1476 affectus
633 1445 743 1486 esset,
764 1445 821 1486 ut,
849 1438 880 1476 si
898 1437 948 1476 ad
965 1451 1121 1489 gravem
1139 1438 1400 1477 valetudinem

272 1492 382 1531 labor
399 1493 470 1530 viae
498 1491 726 1539 accessisset,
748 1492 820 1530 sibi
846 1491 929 1544 ipse
947 1491 1159 1539 diffideret;
1190 1505 1269 1532 non
1289 1506 1400 1532 recu-

273 1547 383 1593 savit,
415 1546 624 1598 quominus
651 1547 714 1584 vel
732 1553 901 1585 extremo
920 1546 1071 1598 spiritu,
1094 1547 1126 1586 si
1145 1560 1265 1598 quam
1283 1560 1399 1600 opem

272 1600 493 1652 reipublicae
538 1600 636 1638 ferre
671 1607 810 1652 posset,
850 1601 1097 1652 experiretur.
1137 1600 1278 1653 Itaque
1319 1613 1398 1640 non

271 1654 386 1692 illurn
410 1654 468 1693 vis
492 1654 643 1715 hiemis,
675 1667 753 1693 non
771 1655 891 1701 nives,
915 1666 994 1693 non
1010 1655 1212 1716 longitudo
1234 1655 1396 1704 itineris,

272 1720 351 1746 non
369 1708 550 1759 asperitas
572 1708 737 1772 viarum,
757 1721 835 1747 non
863 1709 1051 1748 morbus‘
1039 1722 1318 1761 ingravescenS,
1338 1722 1400 1749 re-

271 1762 464 1801 tardavit:
495 1775 661 1814 cumque
685 1764 770 1813 jam
795 1763 845 1801 ad
871 1775 1117 1815 congressum
1140 1764 1399 1831 colloquium-

270 1829 357 1882 que
366 1817 448 1866 ejus
477 1816 722 1868 pervenisset,
748 1817 800 1856 ad
824 1830 942 1869 quem
964 1825 1043 1856 erat
1064 1818 1221 1866 missus,
1252 1818 1323 1856 in
1312 1818 1400 1879 ipsa.

270 1883 362 1910 cura
387 1877 426 1909 et
442 1870 689 1911 meditatione
713 1871 881 1911 obeundi
905 1871 968 1911 sui
992 1872 1163 1912 muneris
1190 1871 1350 1912 excessit
1374 1885 1397 1911 e

271 1924 366 1964 viffi„

326 1979 384 2019 Ut
403 1978 521 2030 igitur
539 1979 627 2028 alia,
648 1979 702 2018 sic
719 1980 806 2029 hoc,
822 1980 894 2020 cai
913 1980 1055 2029 Pansa,
1074 1980 1269 2033 praeclare,
1290 1979 1397 2033 quod

269 2041 340 2072 nos
354 2033 403 2072 ad
422 2034 690 2072 honorandum
709 2035 791 2074 Ser,
811 2035 1028 2086 Sulpicium
1047 2035 1264 2074 cohortatus
1284 2048 1337 2083 es,
1358 2042 1398 2074 et

270 2087 351 2138 ipse
379 2088 505 2127 multa
527 2088 675 2140 copiose
699 2088 747 2127 de
764 2089 870 2128 illius
887 2089 1002 2128 laude
1026 2089 1169 2130 dixisti.
1197 2089 1353 2138 Quibus
1372 2102 1399 2127 a

270 2148 308 2179 te
335 2142 460 2191 dictis,
493 2142 591 2181 nihil
622 2150 758 2195 praeter
783 2143 1010 2183 sententiam
1038 2143 1218 2188 dicerem,
1244 2143 1319 2182 nisi
1349 2143 1398 2181 P.

269 2195 430 2236 Servilio
448 2196 756 2250 respondendum
785 2205 978 2252 putarem,
999 2197 1068 2251 qui
1085 2198 1190 2238 hunc
1210 2198 1396 2238 honorem
