1509 2397
378 69 719 112 PHILIPPICA
747 72 874 112 XIII.
905 72 1011 112 CAP.
1041 73 1079 110 3.
1212 71 1288 117 371

167 213 170 217 .
223 177 245 216 Ι
248 177 282 216 Ι.
313 177 403 217 Ηο0
421 191 510 218 vero
528 180 623 232 quid
642 183 730 220 est?
759 194 850 220 cum
867 180 1051 221 Antoniis
1072 193 1150 233 pax
1167 188 1295 232 potest

167 234 278 271 esse?
307 245 397 271 curn
427 233 650 282 Censorino,
671 235 869 285 Ventidio,
899 236 1110 282 Trebellio,
1143 234 1293 280 Bestia,

165 287 339 336 Nucula,
361 287 558 336 Munatio,
579 289 768 335 Lentone,
790 290 924 329 Saxa?
954 290 1140 351 Exempli
1164 302 1292 338 causa,

164 354 307 403 paucos
319 342 536 381 nominavi·
558 357 679 395 genus
691 344 912 389 infinitum;
934 345 1295 395 immanitatemque

164 394 240 456 ipsi
271 396 422 436 cernitis
446 397 696 449 reliquorum.
738 398 885 437 Addite
901 374 971 437 1113
989 398 1190 449 naufragia
1209 399 1294 436 Cae

164 449 257 488 saris
277 451 504 500 amicorum,
534 452 685 491 Barbas
717 452 882 500 Cassios,
910 453 1113 498 Bar-batos,
1148 453 1293 490 Pollio-

165 515 257 542 nes:
288 504 417 545 addite
444 506 610 544 Antonii
638 507 840 546 collusores
865 514 903 546 et
921 507 1080 553 sodales,
1101 507 1294 558 Eutrape-

163 558 264 606 lum,
285 559 451 606 Melam,
477 561 656 609 Coelium,
678 562 880 609 Pontium,
908 561 1155 607 Crassicium,
1178 561 1294 599 Tiro·

162 624 268 662 nem,
300 614 546 661 mustellam,
579 616 810 654 Petissium:
843 616 1069 654 comitatum
1088 615 1292 667 relinquo:

162 666 278 706 duces
297 669 467 708 nomino.
499 670 592 708 Huc
611 670 796 709 accedunt
813 670 995 717 Alaudae,
1013 669 1213 730 caeterique
1229 683 1293 708 ve-

163 722 299 771 terani,
320 723 569 762 seminarium
581 725 757 774 judicum
774 725 893 763 tertiae
912 724 1090 771 decuriae,
1111 723 1193 775 qui,
1212 724 1290 762 suis

163 777 278 815 rebus
297 777 508 826 exhaustis,
524 779 716 818 beneficiis
730 779 892 818 Caesaris
904 778 1106 827 devoratis,
1119 778 1293 817 fortunas

162 838 309 869 nostras
329 833 614 884 concupierunt.

217 885 256 923 O
276 885 394 924 fidam
413 887 590 925 dextram
607 888 787 935 Antonii,
809 887 888 939 qua
906 887 971 926 ille
985 886 1172 939 plurimos
1193 887 1293 926 cives

161 939 366 979 trucidavit
383 941 394 979 1
425 954 448 979 0
466 949 595 980 ratum
614 942 912 994 religiosumque
929 942 1068 987 foedus,
1083 941 1187 993 quod
1200 955 1291 980 cum

159 994 345 1033 Antoniis
364 994 565 1034 fecerimus
582 997 591 1034 !
625 996 714 1036 Hoc
732 997 765 1036 si
790 996 951 1035 Marcus
977 996 1118 1034 violare
1137 996 1291 1034 conabi-

159 1054 237 1095 tur,
259 1048 374 1087 Lucii
392 1063 483 1089 eum
502 1050 680 1090 sanctitas
700 1065 723 1090 a
741 1051 878 1090 scelere
896 1050 1098 1089 revocabit.
1130 1051 1214 1089 Illis
1233 1051 1292 1089 lo-

160 1115 228 1143 cus
247 1103 279 1141 si
297 1103 338 1141 in
356 1104 428 1144 hac
446 1106 543 1144 urbe
560 1105 690 1153 fuerit,
705 1106 792 1144 urbi
803 1105 878 1157 ipsi
888 1106 995 1144 locus
1008 1118 1087 1143 non
1103 1105 1184 1143 erit.
1207 1104 1291 1144 Ora

159 1157 268 1196 vobis
287 1171 418 1197 eorum
439 1160 583 1211 ponite,
599 1168 726 1211 patres
745 1159 960 1211 conscripti,
980 1166 1069 1198 ante
1088 1160 1231 1207 0011105,
1253 1167 1290 1198 01

147 1212 332 1254 ‚maxime
364 1213 631 1252 Antoniorum
649 1228 661 1260 ;
691 1215 897 1261 incessum,
929 1214 1168 1265 adspectum,
1204 1215 1291 1252 vul-

160 1273 261 1314 tum,
282 1266 492 1319 spiritum,
481 1282 491 1291 ·
522 1268 642 1307 latera
660 1277 829 1320 tegentes
843 1269 951 1316 alios,
965 1276 1166 1320 sequentes
1179 1268 1288 1315 alios,

158 1320 253 1359 alios
272 1322 565 1373 praegredientes
591 1323 744 1362 31111005.
778 1322 932 1373 [Quam
948 1322 1027 1361 vim
1057 1323 1186 1361 anheli
1189 1324 1290 1375 tus,]

159 1388 255 1436 quas
274 1377 539 1424 contumelias,
552 1377 633 1416 fore
652 1379 825 1425 censetis,
841 1377 1280 1438 minasqueverborum.
1271 1380 1289 1405 ⁹

158 1429 233 1467 nisi
261 1429 358 1469 forte
383 1444 446 1469 eos
464 1445 542 1483 pax
564 1431 648 1483 ipsa
671 1433 802 1481 leniet,
829 1431 1092 1483 maximeque,
1128 1444 1218 1469 cum
1247 1431 1289 1469 in

158 1483 264 1523 hunc
282 1485 456 1523 ordinem
475 1486 662 1535 venerint,
685 1488 908 1525 salutabunt
930 1486 1110 1538 benigne,
1131 1486 1290 1525 comiter

157 1539 424 1590 appellabunt,
445 1553 767 1593 unumquemque
785 1543 971 1579 nostrum.

212 1593 297 1631 III.
328 1594 422 1632 Non
453 1595 719 1644 recordamini,
754 1599 838 1648 (per
868 1595 973 1633 Deos
1002 1594 1239 1634 immortales
1256 1595 1287 1642 1)

156 1661 254 1699 quas
272 1647 311 1685 in
332 1661 396 1687 eos
415 1649 620 1688 sententias
639 1649 845 1689 dixeritis?
873 1650 978 1688 Acta
989 1650 1157 1688 Antonii
1176 1650 1289 1689 resci-

155 1702 288 1741 distis:
319 1702 423 1754 leges
448 1704 652 1742 refixistis:
682 1718 750 1756 per
780 1706 860 1743 vim
891 1714 928 1744 et
956 1714 1087 1745 contra
1116 1704 1288 1756 auspicia

154 1757 253 1796 latas
282 1756 526 1797 decrevistis:
561 1758 678 1797 totius
710 1759 836 1798 Italiae
865 1759 1032 1799 delectus
1062 1759 1283 1798 excitastis
1272 1774 1284 1783 ·

156 1811 358 1863 collegam,
379 1819 418 1850 et
435 1813 580 1852 socium
599 1814 786 1852 scelerum
804 1815 995 1864 omnium,
1015 1814 1166 1853 hostem
1181 1814 1288 1863 judi-

155 1865 318 1916 cavistis.
363 1866 468 1905 Cum
503 1867 576 1907 hoc
613 1882 700 1920 quae
736 1882 815 1930 pax
851 1876 976 1921 potest
1008 1871 1119 1907 esse?
1149 1868 1287 1907 Hostis

154 1919 188 1958 si
206 1914 302 1959 esset
320 1928 514 1970 externus,
535 1929 666 1961 tamen
684 1922 754 1961 id
744 1936 875 1975 ipsum
891 1923 971 1972 vix,
999 1923 1142 1962 talibus
1159 1922 1284 1972 factis,

153 1982 280 2026 posset
299 1975 429 2037 aliquo
447 1976 575 2015 modo.
606 1977 750 2024 Maria,
770 1984 935 2026 montes,
951 1978 1154 2029 regionum
1172 1989 1284 2029 mag-

152 2029 362 2077 nitudines,
382 2030 630 2070 interessent·
662 2031 834 2071 odissetis
853 2045 957 2080 eum,
985 2045 1102 2084 quem
1122 2043 1201 2070 non
1225 2031 1284 2070 vi-

153 2082 303 2122 deretis.
344 2084 432 2123 Hi
420 2098 462 2123 m
487 2086 608 2124 0011115
631 2085 845 2135 haerebunt,
880 2095 931 2135 et,
963 2100 1053 2126 cum
1078 2085 1221 2133 licebit,
1241 2086 1283 2124 in

151 2137 353 2185 faucibus;
384 2139 526 2191 quibus
545 2139 650 2181 enim
675 2140 792 2194 septis
819 2150 901 2181 tam
926 2141 1116 2181 immanes
1133 2140 1284 2180 belluas

155 2192 458 2241 continebimus
448 2196 468 2220 '³
