1509 2397
375 71 378 73 “
403 53 746 95 PHILIPPICA
776 55 810 93 I.
841 55 946 94 CM».
978 57 1015 94 6.
1196 55 1272 100 187

150 161 492 214 supplicationibus
516 162 775 202 referebatur:
806 177 884 215 quo
911 163 953 201 in
971 175 1109 215 genere
1127 170 1276 202 senato-

150 229 211 255 rae
229 216 357 255 deesse
384 229 462 255 non
481 217 628 256 solent:
658 224 848 268 coguntur
873 218 976 256 enim
1001 230 1079 255 non
1104 218 1277 269 pignori-

149 271 238 317 11115,
271 270 338 309 sed
366 284 514 319 eorum,
541 284 706 323 quorum
738 271 785 309 de
802 271 945 309 honore
964 272 1104 322 agitur,
1125 272 1274 322 gratia:

153 324 260 375 quod
287 325 391 363 idem
410 326 468 374 fit,
489 338 579 364 cum
604 325 652 364 de
670 325 868 377 triumpho
898 326 1070 364 refertur.
1103 327 1165 363 Ita
1196 326 1278 364 sine

152 391 246 417 cura
264 379 437 418 consules
457 388 560 428 sunt,
573 389 618 417 ut
635 392 744 431 paene
754 380 920 418 liberum
940 380 988 418 sit
1008 380 1183 427 senatori,
1199 392 1278 418 non

153 432 296 472 adesse.
324 432 410 480 Qui
440 447 530 472 cum
549 433 648 471 mihi
669 446 753 472 mos
772 442 885 472 notus
904 442 1014 482 esset,
1046 447 1213 495 cumque
1231 433 1279 472 de

155 486 219 525 via
222 488 474 553 languerem,
503 495 542 526 et
570 488 750 526 mihimet
777 488 1043 540 displicerem3
1073 488 1176 536 misi,
1209 501 1280 539 pro

154 541 338 590 amicitia,
358 543 427 593 qui
444 541 517 580 hoc
542 542 577 580 ei
596 542 746 580 diceret.
776 544 836 581 At
864 543 944 592 ille,
964 543 1052 581 vobi
1055 556 1071 580 5
1091 542 1283 580 audienti-

156 596 245 640 bus,
276 608 365 634 611111
395 596 513 635 fabris
545 609 583 634 se
615 597 777 634 domum
807 610 936 634 meam
967 605 1174 635 venturum
1201 609 1281 634 esse

155 649 268 688 dixit.
298 650 430 689 Nimis
459 650 640 689 iracunde
658 651 731 689 hoc
754 651 926 702 quidem,
947 659 984 689 et
1003 651 1114 689 valde
1140 651 1281 689 intem-2

157 711 345 755 pel-anter.
376 704 500 755 Cujus
519 705 624 743 enim
651 706 831 744 maleficii
849 706 922 744 ista
940 718 1052 757 poena
1071 712 1142 753 est,
1162 713 1206 743 ut
1225 704 1284 742 di-

157 771 241 796 cere
258 758 299 796 in
313 759 386 797 hoc
405 760 537 798 ordine
549 759 717 807 auderet,
732 773 770 798 se
781 760 945 811 publicis
958 760 1080 811 operis
1092 759 1285 797 disturba-

158 819 292 851 turum
316 814 470 864 publice
499 826 546 851 ex
577 816 728 852 senatus
757 814 944 852 sententia
970 814 1197 852 aedificatam
1216 813 1286 851 do-

157 869 305 905 mum?
335 868 436 915 Quis
447 875 578 906 autem
597 880 772 919 unquam
787 876 895 906 tanto
909 868 1052 906 damno
1071 875 1285 906 senatorem

156 921 309 972 co'e‘git?
349 929 417 960 aut
449 922 544 974 quid
578 929 634 960 est
672 923 773 960 ultra
809 923 950 974 pignus
981 930 1049 960 aut
1080 923 1283 960 multam?

156 974 277 1023 Quod
309 976 342 1014 si
369 978 512 1023 scisset,
547 989 666 1028 quam
693 978 920 1015 sententiam
950 976 1122 1015 dicturus
1147 989 1285 1025 essem,

156 1029 363 1069 remisisset
381 1030 528 1082 aliquid
546 1031 715 1082 profecto
733 1031 781 1069 de
801 1031 999 1070 severitate
1018 1031 1190 1082 cogendi.

213 1084 290 1123 VI.
319 1085 389 1123 An
407 1098 471 1123 me
501 1086 673 1133 censetis,
701 1094 828 1137 patres
859 1086 1076 1137 conscripti,
1099 1085 1203 1137 quod
1221 1098 1289 1123 vos

157 1137 271 1177 inviti
300 1140 418 1178 secuti
451 1140 554 1187 estis,
585 1140 827 1178 decreturum
858 1141 988 1188 fuisse,
1011 1148 1054 1178 ut
1077 1139 1290 1191 parentalia

158 1205 251 1231 cum
279 1194 623 1245 supplicationibus
655 1193 927 1233 miscerentur.
919 1197 935 1221 9
965 1202 1010 1232 ut
1038 1194 1291 1245 inexpiabiles

160 1247 397 1297 religiones·
386 1261 428 1286 m
456 1248 737 1299 rempublicam
761 1249 1067 1287 inducerentur?
1098 1257 1142 1285 ut
1161 1248 1290 1286 decer-

162 1308 345 1340 nerentur
382 1302 677 1354 supplicationes
713 1310 890 1341 mortuo.
881 1305 898 1331 ’θ
941 1303 1040 1340 nihil
1076 1302 1174 1349 (1160,
1215 1302 1290 1340 6111.

162 1354 298 1394 Fuerit
330 1356 396 1394 ille
427 1357 476 1395 L.
509 1356 672 1405 Brutus,
700 1357 769 1408 qui
792 1365 830 1395 et
854 1357 936 1408 ipse
955 1356 1058 1407 regio
1089 1356 1291 1394 dominatu

161 1410 441 1461 rempublicam
470 1410 660 1459 liberavit,
693 1419 730 1448 et
764 1410 814 1448 ad
844 1411 1009 1449 similem
1039 1410 1222 1448 virtutem
1255 1418 1294 1449 et

159 1463 288 1502 simile
306 1464 489 1503 factume
473 1464 631 1516 stirpem
653 1465 694 1502 in
713 1478 831 1516 prope
851 1465 1206 1517 quingentesimum
1224 1477 1294 1502 an-

164 1530 261 1556 num
290 1519 546 1570 propagavit·
534 1548 546 1565 .,
588 1519 728 1557 adduci
760 1526 891 1557 tamen
927 1532 1005 1558 non
1042 1532 1209 1570 possem,
1247 1526 1294 1557 ut

163 1585 402 1624 quemquam
431 1580 631 1611 mortuum
668 1575 940 1625 conjungerem
974 1586 1065 1612 cum
1093 1573 1294 1612 immorta-

148 1626 263 1665 'lium
281 1627 489 1678 religione3
520 1635 578 1675 ut,
600 1629 710 1677 cujus
729 1629 950 1679 sepulcrum
971 1640 1136 1679 usquam
1156 1635 1292 1675 exstet,

161 1681 234 1720 ubi
250 1690 487 1733 parentetur,
504 1681 539 1720 ei
556 1682 710 1733 publice
725 1683 974 1734 supplicetur.
1004 1682 1092 1734 Ego
1104 1695 1193 1720 vero
1208 1695 1294 1720 eam

164 1735 393 1774 sententiam
412 1736 610 1783 dixissem,
631 1744 759 1788 patres
778 1736 995 1798 conscripti,
1016 1745 1061 1774 ut
1078 1749 1143 1774 me
1162 1736 1296 1774 adver-

162 1803 229 1828 sus
256 1791 451 1842 populum
484 1791 725 1838 Romanum,
757 1791 791 1829 si
824 1791 893 1843 qui
922 1791 1116 1830 accidisset
1145 1791 1299 1841 gravior

163 1843 386 1896 reipublicae
418 1858 541 1894 casus,
580 1845 612 1883 si
639 1846 802 1893 bellum,
830 1845 862 1884 si
891 1847 1065 1908 morbus,
1095 1845 1127 1884 si
1156 1845 1293 1893 fames,

162 1898 276 1937 facile
293 1912 445 1950 possem
464 1899 691 1938 defendere:
723 1913 811 1951 quae
828 1900 970 1951 partim
986 1901 1070 1950 jam
1090 1906 1193 1947 sunt,
1206 1912 1296 1950 par-

164 1952 238 1990 tim
269 1953 388 1992 timeo
417 1966 466 1992 ne
495 1954 755 2006 impendeant.
786 1954 862 1993 Sed
893 1955 966 1993 hoc
994 1955 1196 2014 ignoscant
1225 1953 1296 1991 Dii

162 2006 414 2053 immortales,
446 2008 578 2056 velim,
599 2016 637 2046 et
660 2009 806 2070 populo
832 2010 1027 2069 Romano,
1060 2008 1130 2059 qui
1153 2007 1194 2045 id
1218 2020 1297 2046 non

167 2063 319 2112 probat,
339 2070 378 2101 et
394 2062 486 2101 111116
504 2062 643 2112 ordini,
663 2063 733 2115 qui
752 2063 916 2101 decrevit
934 2063 1090 2100 invitus.

221 2114 353 2162 Quid.
343 2118 362 2144 Ῥ
390 2117 439 2156 (16
457 2116 614 2169 reliquis
625 2117 847 2169 reipublicae
856 2117 970 2155 malis
983 2117 1121 2155 licetne
1137 2116 1296 2155 dicere?

164 2167 275 2208 Mihi
292 2183 381 2210 vero
398 2171 501 2222 licet,
533 2179 571 2211 et
589 2184 740 2224 semper
759 2171 902 2220 licebit,
933 2171 1162 2224 dignitatem
1183 2171 1297 2219 tueri,
