1509 2397
196 99 275 140 394
415 98 758 139 PHILIPPICA
785 97 906 138 XIV.
937 97 1044 137 CAP-
1064 99 1105 137 3.

193 207 385 248 nefarium
405 208 541 256 scelus,
561 208 594 247 si
622 207 779 248 civium.
808 207 1026 260 Quousque
1050 206 1170 258 igitur
1186 205 1235 255 is,
1259 204 1330 257 qui

193 275 327 302 01111105
351 262 479 301 hostes
504 264 642 303 scelere
665 263 873 324 superavit,
900 262 1057 300 nomine
1082 260 1202 300 hostis
1224 273 1330 300 care-

193 318 286 357 bit?
314 317 389 356 nisi
418 330 620 357 mucrones
651 317 768 356 etiam
798 325 1016 356 nostrorum
1047 315 1218 354 militum
1247 322 1327 353 tre-

192 385 300 411 mere
319 372 450 419 vultis,
471 380 509 410 et
531 371 722 420 dubitare,
743 380 877 410 utrum
905 371 945 409 in
965 371 1046 409 cive
1071 383 1121 409 an
1151 370 1192 408 in
1217 369 1328 408 hoste

193 426 373 478 figantur.
404 427 734 479 supplicationem
749 425 974 465 decernitis.
1000 425 1151 464 hostem
1167 436 1244 462 non
1255 437 1328 475 ap-

192 481 356 534 pellatis⁸
388 481 485 520 Grat
488 495 520 520 ae
540 495 628 520 vero
641 490 779 520 nostrae
794 480 882 519 Diis
896 479 1182 518 immortalibus
1187 485 1327 540 gratu·

192 535 354 574 lationes
373 544 499 583 erunt,
520 545 639 587 gratae
651 535 830 580 victimae,
845 548 934 573 eum
949 533 1149 572 interfecta
1167 533 1216 572 sit
1235 531 1328 571 eivi-

193 602 264 628 um
274 590 553 629 multitudo!‘
542 594 570 613 “
585 591 647 629 De
665 589 896 641 improbis,''
919 588 1061 641 inquit,
1083 591 1113 610 ‘⁶
1126 595 1163 627 et
1175 586 1331 626 audaci-

190 645 292 683 bus:
298 645 323 662 '’
353 657 445 683 nam
479 645 531 684 sic
564 658 626 684 eos
659 644 829 696 appellat
855 643 1090 683 clarissimus
1122 643 1205 682 vir:
1236 655 1326 693 quae

189 706 281 737 sunt
305 701 543 738 urbanarum
566 699 773 738 maledicta
797 698 942 744 litium,
970 710 1047 736 non
1074 697 1215 736 inustae
1232 695 1328 739 belli

189 752 412 793 internecini
431 762 544 792 notae.
574 754 827 792 Testamenta
846 752 993 800 (credo)
1009 752 1237 802 subjiciunt,
1256 756 1327 789 aut

189 808 349 857 ejiciunt
367 808 525 857 vicinos,
551 817 620 847 aut
649 807 952 847 adolescentulos
978 806 1325 846 circumscribuntz

187 862 248 901 his
267 863 370 901 enim
398 863 500 901 vitiis
529 863 698 911 affectos,
719 871 757 902 et
775 862 933 912 talibus,
953 861 1078 901 malos
1102 868 1140 900 et
1162 859 1327 900 audaces

190 918 385 969 appellare
403 918 641 956 consuetudo
660 918 767 956 solet.

242 972 402 1010 Bellum
420 972 654 1024 inexpiabile
666 972 783 1011 infert
795 978 962 1024 quatuor
980 970 1204 1010 consulibus
1218 981 1323 1009 unus

186 1026 364 1065 omnium
395 1027 592 1066 latronum
625 1026 871 1072 teterrimus,
860 1040 871 1050 ·
901 1025 999 1077 gerit
1031 1025 1135 1064 idem
1173 1024 1323 1063 bellum

187 1093 277 1120 cum
309 1090 444 1120 senatu
471 1082 696 1143 populoque
724 1081 917 1120 Romano.
948 1079 1146 1119 Omnibus
1167 1083 1326 1131 (quam-

187 1148 308 1188 quam
342 1136 420 1174 ruit
449 1136 531 1187 ipse
562 1136 640 1175 suis
670 1135 862 1182 cladibus)
892 1142 1057 1187 pestem,
1088 1134 1322 1181 vastitatem,

186 1190 415 1252 cruciatum,
451 1198 656 1239 tormenta,
690 1189 920 1228 denuntiat·
908 1218 921 1236 ‚
950 1188 1168 1228 Dolabellae
1197 1187 1324 1226 ferum

186 1252 224 1283 et
242 1244 415 1283 immane
428 1244 592 1291 facinus,
607 1244 713 1296 quod
730 1244 841 1283 nulla
854 1242 1034 1283 barbaria
1044 1249 1172 1296 posset
1183 1254 1324 1294 agnos-

185 1311 282 1346 cere,
309 1299 351 1338 id
380 1312 450 1338 suo
475 1299 633 1338 consilio
658 1299 806 1337 factum
826 1311 908 1338 esse
934 1305 1123 1337 testatur.
1154 1309 1323 1359 quaeque

184 1362 281 1392 esset
300 1354 502 1393 facturus
492 1366 533 1392 111
552 1353 624 1393 1130
646 1355 756 1401 urbe,
778 1353 852 1392 nisi
870 1365 962 1392 eum
980 1351 1073 1391 1110
1062 1365 1145 1405 ipse
1162 1351 1324 1404 Jupiter

183 1409 234 1446 ab
253 1408 326 1447 1100
344 1409 490 1461 templo
515 1415 633 1461 atque
650 1408 712 1447 his
741 1408 933 1448 moenibus
951 1406 1169 1460 repulisset,
1195 1405 1323 1445 decla-

183 1463 282 1501 ravit
300 1463 340 1501 in
363 1463 634 1502 Parmensium
648 1463 881 1510 calamitate,
887 1475 1010 1524 qu05,
1025 1461 1192 1514 optimos
1205 1460 1322 1508 viros,

182 1517 550 1571 honestissimosque
568 1517 758 1561 homines,
790 1516 964 1556 maxime
982 1529 1073 1555 cum
1092 1514 1322 1559 auctoritate

182 1571 302 1624 hujus
321 1573 466 1611 ordinis
494 1573 706 1625 populique
732 1571 904 1611 Romani
929 1570 1117 1624 dignitate
1136 1571 1322 1621 conjunc-

180 1634 254 1674 tos,
275 1627 547 1667 crudelissimis
560 1627 747 1679 exemplis
761 1626 956 1666 interemit
968 1625 1208 1679 propudium
1219 1623 1320 1663 illud

180 1689 219 1719 et
237 1690 476 1733 portentum,
503 1682 551 1722 L.
572 1682 786 1727 Antonius,
810 1681 962 1733 insigne
986 1680 1123 1720 odium
1140 1678 1320 1719 omnium

180 1736 402 1799 hominum,
430 1738 506 1787 vel,
538 1737 570 1776 si
600 1737 718 1776 etiam
749 1736 819 1775 Dii
844 1735 994 1776 oderim
1027 1747 1124 1787 quos
1153 1740 1320 1796 oportet,

180 1791 369 1831 omnium
373 1791 561 1830 Deorum.
595 1790 759 1844 Refugit
772 1791 941 1840 animus,
957 1797 1086 1851 patres
1097 1787 1317 1840 conscripti,

180 1857 303 1898 eaque
321 1846 446 1885 dicere
471 1846 710 1893 reformidat,
735 1859 825 1897 quae
854 1845 903 1884 11.
923 1843 1127 1884 Antonius
1153 1843 1194 1881 in
1221 1842 1320 1881 Par-

179 1901 375 1939 mensium
393 1900 525 1940 liberis
556 1908 594 1940 et
613 1901 845 1952 conjugibus
864 1899 1042 1939 effecerit.
1072 1898 1186 1946 Quas
1212 1897 1318 1938 enim

179 1955 441 2016 turpitudines
460 1955 627 1994 Antonii
650 1955 815 1994 libenter
834 1954 1051 1998 subierunt,
1072 1952 1228 1992 easdem
1246 1965 1318 2004 per

178 2009 259 2048 vim
289 2011 470 2048 laetantur
500 2010 586 2049 aliis
615 2023 654 2048 se
679 2009 866 2048 intulisse.
897 2007 974 2049 Sed
1003 2008 1060 2049 vis
1090 2006 1317 2047 calamitosa

179 2070 250 2113 est,
271 2078 392 2116 quam
410 2065 488 2104 11115
506 2065 747 2110 intulerunt;
775 2063 897 2103 libido
908 2061 1113 2115 flagitiosa,
1133 2074 1214 2114 qua
1225 2063 1317 2100 An-

177 2119 372 2158 toniorum
398 2119 518 2158 oblita
541 2129 597 2159 est
626 2120 719 2159 vita.
748 2119 823 2159 Est
844 2118 964 2170 igitur
990 2117 1215 2170 quisquam,
1244 2115 1315 2168 qui

176 2172 303 2214 hostes
321 2174 517 2227 appellare
546 2186 625 2213 non
642 2173 797 2222 audeat,
825 2185 996 2226 quorum
1017 2172 1157 2211 scelere
1179 2170 1317 2209 crude-

172 2227 321 2284 litatem
342 2228 724 2282 Carthaginiensium
744 2228 885 2269 victam
906 2239 986 2268 esse
1006 2225 1198 2267 fateatur.
1186 2225 1205 2248 ²
