1509 2397
353 69 467 110 PRO
498 69 744 110 MILONE.
776 71 880 110 (ΠΛΡ.
911 71 976 115 37.
1145 68 1220 113 117

110 173 177 213 ubi
195 187 330 226 corpus
347 176 420 216 hoc
439 178 500 227 sit,
521 179 642 226 non,’'
671 179 811 230 inquit,
834 178 1019 224 “laboro,
1040 176 1224 228 quoniam

108 228 287 267 omnihus
304 229 346 267 in
364 231 471 270 terris
490 239 527 270 et
541 233 625 281 jam
643 240 826 279 versatur,
853 239 890 270 et
908 244 1057 282 semper
1074 230 1224 268 habita-

109 281 179 328 bit,
199 283 364 322 nominis
381 285 458 323 mei
475 285 637 336 gloria.''

163 336 367 375 XXXVI.
398 339 496 377 Haec
513 347 556 377 tu
580 353 735 378 mecum
758 353 870 391 saepe,
890 340 951 378 his
974 338 1220 377 absentibusz

110 388 188 435 sed,
209 389 343 428 iisdem
367 392 624 441 audientibus,
652 394 733 432 haee
759 407 829 445 ego
857 403 999 441 tecum,
1021 392 1134 430 Milo.
1164 391 1226 429 Te

108 442 278 493 quidem,
305 458 395 483 cum
427 446 499 484 isto
521 448 650 486 animo
670 461 721 486 es⁴
744 448 833 486 satis
851 447 1008 486 laudare
1040 457 1117 483 non
1136 457 1225 496 pos·
1275 473 1277 475 -

109 509 222 537 sum:
250 498 332 546 sed,
353 513 429 550 quo
450 509 505 539 est
529 501 601 539 ista
624 502 747 552 magis
770 502 899 540 divina
926 501 1061 547 virtus,
1082 511 1126 537 eo
1143 511 1227 536 ma-

104 550 186 599 jore
205 564 228 589 a
246 558 283 589 te
302 553 430 592 dolore
448 554 617 593 divellor.
649 556 733 594 Nec
758 569 859 604 vero,
887 556 920 593 si
942 554 1039 592 mihi
1057 552 1224 604 eriperis,

106 604 264 655 reliqua'
284 613 339 644 est
364 607 432 645 ina
457 609 592 647 saltem
614 610 663 648 ad
692 609 965 648 consolandum
994 607 1161 659 querela,
1182 612 1227 644 ut

106 657 166 695 his
184 659 294 697 irasci
312 662 468 711 possim,
489 676 512 700 a
531 663 671 714 quibus
696 671 848 701 tantum
871 664 1012 701 vulnus
1036 672 1225 712 accepero.

109 711 201 749 Non
221 713 324 751 enim
342 715 488 754 inimici
512 717 590 755 mei
615 725 652 755 te
671 718 768 754 mihi
788 717 961 768 eripient,
989 715 1056 754 sed
1074 713 1225 753 amicis-

106 765 219 811 sinii3
250 779 326 805 non
345 770 447 808 male
466 771 671 822 aliquando
686 771 733 809 de
751 784 814 808 me
832 771 972 817 meriti,
993 769 1059 808 sed
1078 780 1227 819 semper

106 820 262 870 optime.
293 822 463 861 Nullum
482 837 670 876 unquam,
688 825 849 874 judices,
870 825 968 862 mihi
986 831 1138 861 tantum
1157 822 1226 859 do-

105 872 224 912 lorem
244 874 416 925 inm-etis,
439 878 525 920 (etsi
544 879 630 930 quis
648 885 772 929 potest
792 892 869 917 esse
889 886 1017 917 tantus
1035 880 1071 924 ἓ)
1100 876 1166 914 sed
1178 888 1226 913 ne

104 925 208 965 hunc
227 929 385 979 quidem
402 931 545 982 ipsum,
559 941 603 970 ut
617 932 830 979 obliviscar,
852 932 985 984 quanti
997 945 1060 969 me
1078 942 1228 982 semper

105 980 278 1020 feceritis.
310 983 411 1031 Quae
442 985 473 1023 si
492 999 557 1024 vos
580 987 678 1038 cepit
697 987 852 1035 oblivio,
879 994 947 1024 aut
967 986 997 1024 si
1015 986 1056 1023 in
1074 997 1137 1022 me
1156 983 1236 1022 ali-‘

105 1034 201 1086 quid
218 1036 451 1082 offendistisz
482 1052 636 1080 curnon
648 1040 687 1077 id
707 1053 792 1079 meo
805 1041 926 1092 capite
944 1039 1070 1092 potius
1089 1038 1224 1084 luitur,

105 1101 224 1139 quam
243 1090 406 1130 Milonis
419 1093 438 1130 P
467 1094 654 1132 Praeclare
676 1095 779 1132 enim
799 1095 941 1141 vixero,
963 1094 995 1132 si
1015 1092 1109 1145 quid
1127 1091 1225 1130 mihi

105 1143 282 1182 acciderit
299 1146 420 1196 prius,
441 1161 560 1199 quam
579 1148 651 1186 hoc
669 1156 822 1186 tantum
840 1148 934 1186 mali
953 1148 1093 1186 videro.

160 1197 279 1236 Nunc
297 1212 360 1238 me
388 1214 467 1239 una
485 1202 690 1241 consolatio
716 1210 915 1250 sustentat,
939 1201 1043 1253 quod
1065 1200 1150 1248 tibi,
1171 1199 1224 1238 T.

103 1250 228 1298 Anni,
249 1254 404 1292 nullum
432 1268 455 1293 a
473 1267 536 1294 me
554 1256 707 1303 amoris,
734 1257 888 1294 nullum
919 1255 1050 1302 studii,
1070 1254 1224 1292 nullum

104 1305 269 1356 pietatis,
296 1307 465 1347 officium
491 1309 623 1347 defuit.
653 1310 740 1360 Ego
768 1310 986 1348 inimicitias
1007 1308 1224 1360 potentium

104 1371 175 1409 pro
205 1366 241 1398 te
267 1362 459 1412 appetivi:
491 1376 560 1414 ego
590 1376 723 1401 meum
752 1377 852 1414 saepe
881 1376 1016 1415 corpus
1039 1370 1076 1400 et
1104 1362 1224 1399 vitam

103 1413 226 1462 objeci
244 1414 360 1453 armis
388 1416 631 1455 inimicorum
653 1425 830 1455 tuorum:
862 1431 931 1469 ego
956 1430 1019 1455 me
1048 1415 1225 1467 plurimis

104 1479 174 1517 pro
204 1475 241 1505 te
273 1469 485 1520 supplicem
515 1472 664 1521 abjeci:
695 1473 809 1518 bona,
834 1470 1006 1509 fortunas
1030 1482 1151 1516 meas,
1181 1481 1224 1508 ac

103 1519 312 1559 liberorum
330 1535 520 1572 meorum,
545 1525 586 1563 in
616 1525 927 1564 communionem
949 1533 1107 1563 tuorum
1124 1532 1224 1561 tem-

102 1586 243 1625 porum
261 1578 431 1616 contuli:
464 1578 536 1617 hoc
553 1579 718 1630 denique
747 1580 830 1630 ipso
849 1579 923 1626 die,
945 1579 976 1617 si
995 1591 1073 1630 qua
1092 1577 1148 1616 vis
1167 1584 1223 1616 est

102 1636 249 1679 parata,
281 1630 313 1668 si
349 1645 427 1682 qua
456 1632 668 1671 deminutio
698 1633 831 1684 capitis
866 1633 1012 1679 futura,
1046 1631 1221 1683 deposco.

104 1682 213 1730 Quid
238 1685 322 1733 jam
347 1688 494 1728 restat?
525 1687 619 1739 quid
648 1686 784 1735 habeo,
813 1687 918 1738 quod
948 1687 1087 1734 dicam,
1118 1684 1223 1737 quod

103 1735 255 1784 faciam,
275 1750 344 1789 pro
356 1740 432 1778 tuis
451 1741 490 1778 in
504 1753 568 1780 me
586 1741 745 1789 meritis,
758 1741 833 1779 nisi
843 1750 888 1778 ut
907 1753 992 1779 eam
1010 1740 1221 1787 fortunam,

103 1803 358 1843 quaecumque
387 1794 458 1832 erit
485 1802 566 1843 tua,
593 1795 732 1834 ducam
761 1797 922 1835 meam?
953 1795 1046 1832 Non
1075 1806 1221 1841 recuso,

103 1855 181 1881 non
200 1847 328 1889 abnuo
345 1861 355 1884 ι
387 1860 528 1900 vosque
542 1851 708 1896 obsecro,
725 1849 887 1898 judices,
904 1856 948 1886 ut
966 1854 1090 1887 vestra
1107 1849 1223 1887 bene-

103 1897 202 1946 ficia,
223 1913 311 1951 quae
328 1901 369 1938 in
394 1913 457 1940 me
476 1903 700 1951 contulistis,
733 1910 799 1940 aut
818 1904 858 1940 in
876 1903 994 1952 hujus
1014 1901 1135 1943 salute
1153 1914 1223 1939 au-

102 1953 237 2001 geatis,
258 1962 324 1992 aut
342 1955 383 1992 in
402 1956 577 2005 ejusdem
596 1957 711 1995 exitio
730 1969 908 1995 occasura
926 1969 1005 1994 esse
1024 1954 1193 1996 videatis.

157 2005 386 2047 XXXVII.
417 2009 493 2050 His
511 2011 690 2063 lacrymis
715 2023 792 2049 non
811 2019 986 2049 movetur
1005 2008 1118 2048 Milo.
1148 2008 1223 2048 Est

103 2059 270 2111 quodam
299 2062 510 2105 incredibili
534 2067 667 2107 robore
686 2065 829 2103 animi:
861 2063 1039 2102 exsilium
1063 2062 1118 2102 ibi
1144 2075 1222 2101 esse

102 2119 228 2163 putat,
260 2116 329 2156 ubi
360 2116 493 2156 virtuti
525 2131 601 2157 non
636 2119 684 2158 sit
712 2119 841 2160 locus:
874 2125 1036 2156 mortem
1072 2123 1221 2156 naturae

103 2165 218 2207 finem
236 2181 328 2219 esse,
349 2183 426 2210 non
445 2185 609 2223 poenam.
641 2173 697 2212 Sit
709 2172 772 2211 hic
792 2172 836 2211 eit
851 2179 994 2221 mente,
1008 2171 1086 2223 qua
1105 2177 1218 2209 natus
