1509 2397
184 112 266 152 240
414 109 755 151 PHILIPPICA
783 108 845 150 ΙΙ.
892 110 999 150 Cn».
1022 111 1087 150 46.

185 220 300 264 (mihi
324 220 448 269 crede)
480 220 530 259 ad
554 220 627 259 hoc
650 233 746 272 opus
777 227 976 266 curretur;
1005 231 1075 258 nec
1097 219 1312 263 occasionis

187 275 344 313 tarditas
363 276 652 327 exspectabitur.

240 329 416 380 Respice,
437 343 579 381 quaeso,
600 328 811 390 aliquando
824 328 1117 390 rempublimrn,
1134 327 1195 366 M.
1215 327 1309 366 An-

184 383 290 421 toni:
322 384 463 434 quibus
481 391 585 421 ortus
604 383 667 430 sis,
687 396 764 421 non
784 383 1016 434 quibuscum
1034 383 1154 429 vivas,
1180 382 1307 420 consi-2

185 437 300 475 dera:
330 450 497 484 mecum,
518 447 562 475 ut
580 438 683 475 voles
698 451 710 480 ;
741 450 830 475 cum
848 435 1044 488 republica
1061 435 1169 475 redi'
1158 449 1200 474 1n
1217 449 1307 487 gran

185 491 292 529 tiam.
323 492 398 530 Sed
417 492 463 530 de
483 500 520 530 te
538 491 674 542 tuipse
688 491 849 529 videris:
881 504 951 542 ego
970 491 1017 528 de
1035 504 1098 529 me
1115 490 1198 541 ipso
1216 503 1306 541 pro-

184 545 330 584 fitebor.
361 545 529 584 Defendi
543 545 819 597 rempublicam
838 544 1053 583 adolescens
1069 558 1081 590 ;
1110 556 1189 582 non
1199 544 1307 582 dese-

185 612 270 637 ram
298 613 438 638 senex:
470 600 652 638 contemsi
680 599 860 638 Catilinae
883 598 1029 649 gladios
1043 613 1060 645 ;.
1084 610 1162 636 non
1189 598 1307 649 pel-tif

184 666 352 692 meracam
371 662 466 692 tuos.
497 654 606 702 Quin
624 654 740 692 etiam
759 666 893 704 corpus
904 653 1067 691 libenter
1085 652 1305 714 obtulerim,

185 707 218 745 si
240 708 498 757 repraesentari
523 716 647 746 morte
672 708 760 746 mea
786 708 941 745 libertas
969 706 1130 745 civitatis
1156 713 1306 757 potest;

187 769 232 799 ut
249 762 456 813 aliquando
475 762 582 800 dolor
600 762 736 814 populi
748 761 918 800 Romani
934 761 1072 812 pariat,
1086 760 1221 812 quod
1206 773 1310 822 jani-

185 815 252 854 diu
272 816 445 867 parturit.
476 816 634 854 Etenim
660 816 704 863 si,
725 815 863 854 abhinc
883 827 1001 853 annos
1019 828 1138 867 prope
1157 814 1309 866 viginti,

185 869 285 908 hoc
275 883 358 922 lpso
376 870 416 908 in
432 871 590 922 templo,
611 870 750 921 negavi
760 882 869 921 posse
881 877 1044 908 mortem
1059 869 1310 907 immaturam

185 937 267 962 esse
296 924 504 969 consulari;
541 932 685 976 quanto
708 924 834 962 verius
863 935 967 962 nunc
998 924 1160 974 negabo,
1192 923 1302 968 seni,
1291 925 1310 952 ²

186 977 294 1016 Mihi
308 991 409 1023 vero,
425 986 550 1030 patres
562 978 778 1029 conscripti,
793 978 879 1027 jam
897 977 1013 1016 etiam
1026 975 1195 1029 optanda
1206 989 1310 1020 mors

183 1039 255 1079 est,
274 1033 474 1084 perfuncto
493 1034 606 1071 rebus
628 1033 689 1080 iis,
719 1045 816 1083 quas
835 1031 994 1083 adeptus
1013 1044 1115 1078 sum,
1136 1043 1311 1082 quasque

185 1087 295 1138 gessi.
328 1086 419 1126 Duo
444 1087 560 1124 modo
582 1087 663 1125 haec
688 1094 802 1138 opto:
832 1098 971 1132 unum,
992 1093 1037 1123 ut
1055 1085 1221 1123 moriens
1239 1098 1310 1137 po-

184 1141 324 1192 pulum
338 1141 563 1179 Romanu-m
582 1142 747 1179 liberum
760 1140 977 1190 relinquam
994 1153 1006 1185 3
1027 1139 1100 1178 hoc
1112 1138 1211 1176 mihi
1225 1152 1308 1188 ma?

180 1196 245 1244 jus
265 1209 289 1233 a
310 1195 393 1233 Diis
411 1195 694 1234 immortalibus
720 1194 803 1232 dari
828 1193 925 1231 nihil
944 1201 1094 1245 potest:
1125 1193 1305 1242 alterum,

183 1257 228 1287 ue
245 1249 298 1287 ita
317 1249 459 1302 cuique
474 1250 634 1297 eveniat,
649 1256 694 1287 ut
713 1249 760 1287 de
774 1248 970 1300 republica
983 1248 1145 1300 quisque
1162 1259 1312 1287 merea-

187 1310 262 1342 tur.

1495 2238 1509 2266 Π
1494 2186 1509 2211 n
1493 1972 1509 2158 MQ*.‘7'.'V
