1509 2397
197 84 278 124 398
402 81 752 123 PHILIPPICA
786 81 906 123 XIV.
935 81 1045 123 CAP.
1069 83 1109 129 7.

192 201 278 232 tum
296 193 449 243 timore,
468 193 659 234 moderari
672 195 691 234 ?
721 192 843 242 Quod
860 193 894 233 si
909 193 999 247 quis
1016 192 1066 233 de
1083 192 1328 233 contentione

192 248 429 301 principatus
458 248 609 289 laborat
637 251 745 301 (quae
767 249 878 288 nulla
900 261 981 288 esee
1004 247 1151 297 debet),
1181 247 1329 287 stultis-

193 303 290 342 sime
307 303 413 351 facit,
440 303 473 342 si
502 304 604 343 vitiis
629 316 719 343 cum
739 304 881 343 virtute
905 302 1114 343 contendit.
1147 303 1205 343 Ut
1222 302 1328 342 enim

193 371 308 397 cursu
327 371 477 407 cursus,
494 359 547 398 sic
558 358 600 397 in
620 358 711 398 viris
726 357 891 398 fortibus
910 359 1031 397 virtus
1042 357 1198 406 virtute,
1215 370 1330 410 supe-

194 420 314 451 ratur.
344 412 427 462 Tu,
449 413 482 452 si
508 427 579 466 ego
598 413 647 453 de
671 427 711 452 re
727 413 886 466 publici».
904 413 1052 465 optime
1076 412 1257 461 sentiam,
1283 419 1330 452 ut

193 479 258 506 me
276 467 421 517 vincas,
441 468 524 521 ipse
548 469 714 521 pessime
744 467 884 507 senties
897 467 916 505 ἲ
945 475 1028 515 aut,
1048 466 1081 507 si
1108 466 1159 506 ad
1176 480 1242 506 me
1258 467 1331 507 bo-

192 534 335 562 norum
353 536 582 563 concursum
600 523 684 562 fieri
709 522 870 571 videbis,
889 522 940 561 ad
959 529 997 562 te
1014 521 1212 574 improbos
1229 521 1331 561 invi-

193 577 328 617 tabis?
370 578 522 625 Nolim,
562 578 735 630 primum
769 577 992 630 reipublicae
1027 577 1160 626 eausa,
1190 575 1332 616 deinde

194 631 310 670 etiam
345 632 544 685 dignitatis
570 641 659 671 tuae.
690 631 782 681 Sed,
809 632 841 671 si
871 631 1110 684 principatus
1136 639 1329 684 ageretur,

194 699 313 739 quem
349 700 554 739 nunquam
581 687 767 740 expetivi,
793 687 890 740 quid
920 687 1079 726 tandem
1109 685 1210 726 mihi
1233 693 1333 726 esset

193 742 395 793 optatius?
425 743 515 794 Ego
534 742 639 781 enim
662 742 777 781 malis
796 742 993 782 sententiis
1023 741 1126 781 vinci
1144 753 1223 781 non
1241 754 1333 795 pos·

193 808 298 844 sum,
319 796 430 835 bonis
444 797 603 835 forsitan
620 810 793 849 possum,
814 804 852 836 et
869 796 1045 836 libenter.

252 851 350 891 Haec
377 852 572 904 populum
592 852 822 890 Romanum
848 851 990 898 videre,
1011 850 1331 900 animadvertere,

192 905 379 957 judicare,
400 906 561 958 quidam
581 907 742 945 moleste
770 906 912 945 ferunt.
943 906 1151 946 Poteratne
1169 906 1267 954 fieri,
1287 913 1333 945 ut

192 972 271 1000 non
292 961 451 1013 perinde
469 960 646 1000 homines
664 960 714 999 de
732 973 903 1013 quoque,
925 967 970 999 ut
988 961 1154 1014 quisqtie
1167 973 1333 1001 merere-

194 1022 274 1064 tur,
291 1015 510 1065 judicarent
523 1015 542 1053 ?
572 1016 629 1055 Ut
648 1015 753 1054 enim
772 1015 821 1054 de
843 1015 1022 1054 universo
1047 1024 1183 1055 senatu
1205 1029 1333 1069 popu-

193 1070 257 1110 lus
288 1071 492 1109 Romanus
526 1070 722 1110 verissime
761 1069 926 1120 judicat,
960 1069 1079 1108 nullis
1110 1070 1335 1122 reipublicae

193 1125 434 1178 temporibus
453 1125 557 1164 hunc
575 1125 751 1164 ordinem
770 1124 982 1163 firmiorem
1000 1132 1119 1177 atque
1137 1124 1335 1165 fortiorem

192 1179 337 1225 fuisse;
369 1179 422 1219 sic
447 1179 495 1218 de
524 1192 762 1232 unoquoque
791 1181 983 1227 nostrum,
1007 1185 1046 1218 et
1066 1179 1240 1219 maxime
1265 1179 1335 1233 qui

193 1235 267 1274 hoc
285 1235 370 1275 loco
382 1234 588 1274 sententias
602 1234 782 1281 dicimus,
799 1233 1041 1273 sciscitantur
1054 1246 1205 1282 omnes,
1221 1242 1338 1275 ave-t

194 1290 343 1338 audire,
378 1289 474 1342 quid
507 1289 673 1342 quisque
703 1288 887 1328 senserit·
918 1288 973 1327 ita
1004 1288 1054 1328 de
1082 1301 1218 1342 unoqu
1270 1302 1336 1339 ue,

195 1353 241 1383 ut
260 1357 457 1411 quemque
487 1345 670 1383 meritum
699 1344 952 1390 arbitrantur,
978 1302 1338 1413 existimant-312:-

193 1400 320 1439 moria
339 1406 485 1462 tenent,
506 1412 585 1447 me,
606 1407 695 1438 ante
713 1399 818 1438 diem
837 1372 952 1438 xm'
971 1397 1164 1439 calendas
1182 1399 1337 1440 Janua-

193 1455 284 1503 rias,
304 1454 519 1507 principem
551 1453 776 1494 revocandae
801 1453 990 1493 libertatis
1012 1453 1156 1494 fuisse.
1185 1465 1266 1504 me,
1286 1467 1337 1494 ex

194 1509 378 1549 Calendis
407 1509 608 1549 Januariis
635 1509 685 1548 ad
710 1509 811 1548 hanc
841 1508 993 1557 horam,
1017 1508 1239 1562 invigilisse
1263 1508 1339 1549 rei-

194 1564 386 1617 publicae.
413 1577 541 1604 meam
554 1564 732 1611 domum,
745 1577 929 1617 measque
940 1576 1067 1626 aura,
1080 1563 1176 1613 dies,
1191 1570 1338 1613 noctes,

194 1619 374 1658 omnium
394 1619 596 1673 praeceptis
616 1618 853 1672 monitisque
867 1618 1062 1672 patuisse.
1093 1619 1191 1659 meis
1200 1619 1338 1670 literis,

193 1674 292 1714 meis
310 1675 473 1724 nuntiis,
503 1674 601 1714 meis
623 1674 964 1737 cohortationibus,
990 1686 1139 1723 omnes,
1159 1674 1229 1728 qui
1248 1673 1338 1714 ubi-

194 1742 272 1782 que
305 1737 443 1792 essent,
476 1729 525 1769 ad
559 1729 695 1783 patriae
728 1729 953 1783 praesidium
984 1729 1194 1770 exdtatoe.
1236 1728 1335 1769 meis

195 1784 408 1833 sententiis,
422 1798 446 1824 a.
460 1784 644 1824 Calendis
662 1784 879 1834 Januariis,
898 1783 1134 1838 nunquaml
1282 1783 1334 1824 td

193 1839 447 1887 Antonium;
478 1852 629 1902 semper
658 1840 773 1879 illum
800 1839 968 1888 hostem,
988 1852 1140 1892 semper
1187 1839 1335 1880 oc-bel

193 1893 310 1941 lum;
340 1902 386 1934 ut
414 1908 500 1947 ego,
521 1895 591 1947 qui
618 1894 727 1935 omni
753 1903 926 1948 tempore
949 1907 1048 1934 verae
1073 1893 1192 1958 pacis
1203 1901 1338 1934 auctor

194 1948 370 1997 fuissem,
390 1949 483 1989 huic
503 1962 624 1990 essem
639 1950 789 1990 nomini
809 1950 998 2003 pestiferae
1017 1950 1122 2003 pacis
1140 1949 1335 1990 inimicus.

196 2001 311 2044 Idem
331 2004 580 2054 Ventidium,
612 2018 704 2045 cum
726 2005 793 2045 alii
812 2004 1015 2045 tribunum
1043 2005 1168 2058 plebis
1190 2003 1336 2044 voluis-

195 2066 294 2108 sent,
325 2071 404 2099 non
435 2073 507 2112 ego
538 2073 690 2113 semper
722 2060 907 2101 hostem?
938 2060 1025 2099 Has
1060 2059 1102 2099 in
1132 2059 1340 2100 sententiaa

195 2125 303 2153 meas
331 2114 365 2154 si
395 2115 570 2155 eonsules
599 2115 790 2168 designati
819 2115 1090 2155 discaemonem
1122 2115 1248 2155 facere
1273 2126 1342 2154 vo-

191 2167 369 2218 luissent,
385 2170 589 2210 omnibus
579 2171 662 2210 istis
679 2171 912 2220 latronibus,
931 2170 1159 2210 auctoritate
1177 2168 1262 2223 ipsi
1278 2181 1340 2210 se-

190 2225 320 2275 natus,
336 2225 421 2276 jam
438 2225 592 2279 pridem
609 2225 659 2267 de
669 2225 853 2269 manibus
871 2238 981 2267 arma
998 2224 1234 2268 ceddissent.
