1509 2397
199 80 279 125 338
436 67 775 117 PHILIPPICA
803 76 856 117 x.
886 76 992 117 cn.
1017 75 1078 116 11.

198 185 398 248 cusmdiat,
417 185 727 248 incolumemque
741 193 959 232 conservem
988 185 1100 238 eique
1117 180 1313 236 exercitui,

199 254 317 294 quem
331 241 410 292 ipse
424 240 639 301 constituit,
646 240 891 291 comparavit,
904 240 1056 302 praesit3
1078 240 1317 292 pecuniaque

199 295 249 334 ad
266 308 349 333 rem
367 294 586 342 militarem,
610 294 643 332 si
669 309 745 346 qua
765 307 861 346 opus
886 295 946 343 sit,
967 307 1054 355 quae
1079 294 1233 345 publica
1251 294 1314 343 sit,

199 357 237 388 et
256 349 358 400 exigi
371 349 502 400 possit,
523 355 667 395 utatur,
684 349 836 400 exigat3
857 348 1125 400 pecuniasque,
1139 361 1162 386 a
1175 348 1319 400 quibus

200 403 388 450 videatur,
407 401 457 440 ad
474 415 556 441 rem
579 403 785 440 militarem
810 410 966 440 mutuas
984 408 1124 450 sumat,
1144 402 1318 441 frumen-

199 463 287 495 tum
299 457 471 508 imperet,
487 469 719 508 operamque
730 456 810 503 det,
822 463 867 494 ut
881 469 971 494 cum
982 455 1059 494 suis
1070 455 1187 507 copiis
1199 464 1319 507 quam·

201 511 376 562 proxime
395 510 550 548 Italiam
565 511 625 548 sit,
655 511 848 561 Cumque,
864 523 912 548 ex
929 509 1048 547 literis
1063 508 1115 556 Q.
1129 509 1320 560 caepionis

198 564 330 608 Bruti,
349 564 599 616 proconsulis,
619 564 856 602 intellectum
874 563 937 610 sit,
950 563 1001 611 Q.
1017 563 1215 601 Hortensii
1231 576 1321 614 pro-

201 619 366 658 consulis
381 632 495 679 opera
510 626 547 656 et
558 618 696 656 virtute
711 617 951 656 vehementer
963 617 1241 668 rempublicam
1252 616 1322 655 ad-

197 674 339 723 jutam,
361 672 566 723 omniaque
584 673 665 721 ejus
685 671 839 710 consilia
864 684 953 710 cum
978 670 1143 709 consiliis
1161 670 1213 719 Q.
1233 670 1323 710 Caea

200 727 325 779 pionis
350 726 478 774 Bruti,
505 726 753 786 proconsulis,
777 726 979 774 conjuncta
1001 724 1132 773 fuisse,
1159 733 1326 777 eamque

201 794 285 821 rem
302 793 444 832 magno
472 780 558 818 usui
580 780 799 831 reipublicae
819 779 958 825 fuisse3
989 778 1042 826 Q.
1066 778 1321 819 Hortensium

205 835 470 887 proconsulem
489 841 602 882 recte,
633 841 670 872 et
693 834 837 882 ordine,
864 846 988 884 exque
1006 846 1046 872 re
1063 832 1234 884 publica,
1260 832 1320 871 fe-

204 889 323 928 cisse·
346 888 569 939 senatuique
582 888 744 939 placere,
765 888 815 936 Q.
834 887 1099 934 Hortensium,
1114 898 1321 938 proconsu-

205 944 299 1004 lem,
319 956 408 981 cum
427 943 690 994 quaestoribus,
713 955 830 993 prove
849 941 1113 993 quaestoribus,
1134 947 1171 979 et
1187 940 1324 993 legatis

207 997 298 1046 suis,
318 996 552 1048 provinciam
571 996 842 1035 Macedoniam
866 995 1050 1046 obtinere,
1073 993 1201 1047 quoad
1219 994 1254 1034 ei
1271 1007 1322 1034 ex

209 1051 552 1090 senatus-consulto
570 1063 786 1091 successum
804 1050 894 1090 sit.”
