1509 2397
255 89 332 126 102
495 87 609 126 PRO
639 85 887 126 MILONE.
915 86 1021 125 CAP.
1050 88 1119 125 23.

245 195 349 245 quod
367 194 496 232 minus
516 195 672 233 moleste
693 193 803 242 ferat,
824 206 955 245 quam,
976 194 1090 232 etiam
1114 193 1147 231 si
1172 194 1267 246 quid
1287 193 1361 247 ipsi

243 249 402 296 accidat,
427 262 504 287 esse
529 257 655 287 tamen
686 248 761 286 illis
785 248 966 286 meritum
994 247 1198 299 praemium
1229 261 1361 300 perso·

241 302 382 340 lutum.

297 356 372 395 Sed
390 356 615 408 quaestiones
633 364 770 407 urgent
785 356 991 402 Milonem,
1012 369 1099 407 quae
1117 362 1207 393 sunt
1218 355 1361 395 habitae

243 421 347 448 nunc
364 411 404 448 in
420 411 514 448 atrio
534 410 750 448 Libertatis.
793 410 1038 458 Quibusnam
1058 409 1104 447 de
1123 409 1238 448 servis
1251 412 1269 448 Ρ
1298 423 1361 449 ro-

243 476 310 513 gas
324 466 342 502 P
371 464 418 502 de
444 465 488 502 P.
517 464 653 503 Clodjj.
695 464 794 512 Quis
820 477 881 502 eos
910 463 1117 515 postulavit
1133 466 1150 502 Ρ
1193 463 1361 515 Appius.

244 517 344 564 Quis
362 518 544 569 produxit
559 520 575 556 [³
603 518 770 569 Appius.
802 518 948 556 Unde?
977 519 1025 556 ab
1039 517 1184 568 Appio.
1213 517 1282 555 Dii
1294 519 1362 568 bo-

243 571 285 608 ni
301 571 310 608 !
342 571 437 623 quid
455 580 577 623 potest
596 573 658 623 agi
677 571 869 609 severius?
910 571 972 610 De
998 571 1111 610 servis
1129 571 1237 608 nulla
1255 584 1362 622 quae-

242 624 313 662 stio
332 633 386 663 est
404 625 445 663 in
465 626 679 672 dominum,
701 626 774 663 nisi
793 625 839 663 de
863 626 1024 672 incestu,
1055 632 1099 662 ut
1115 624 1190 663 fuit
1208 625 1249 662 in
1270 625 1362 663 Clo-

242 678 365 716 dium.
395 680 576 717 Proxime
595 680 698 718 Deos
717 679 869 717 accessit
882 679 1053 726 Clodius,
1075 679 1231 730 propius
1243 691 1362 730 quam

242 740 341 781 tum,
363 745 451 771 cum
472 734 548 771 ad
524 746 638 794 ‘ipsos
652 734 892 785 penetrarat;
923 734 1032 782 cujus
1051 733 1098 770 de
1112 741 1248 779 morte,
1262 740 1362 771 tam-

243 799 360 837 quam
381 787 428 825 de
451 787 674 825 caerimoniis
697 787 859 834 violatis,
884 787 1079 838 quaeritur.
1123 786 1199 825 Sed
1231 794 1360 825 tamen

240 841 402 890 majores
417 842 535 879 nostri
553 841 593 878 in
606 841 806 879 dominum
820 841 866 879 de
879 854 960 879 sen
962 854 984 879 ο
997 840 1116 902 quaeri
1128 841 1358 879 noluerunt·
1345 869 1358 887 ,

241 906 319 932 non
338 895 430 946 quia
448 907 524 933 non
543 903 668 946 posset
697 908 830 932 verum
857 895 1033 941 inveniri,
1064 894 1128 932 sed
1146 894 1249 960 quia
1256 894 1362 933 vide·

241 949 355 985 batur
382 949 584 1020 indignum
605 962 696 995 esse,
725 957 761 986 et
779 948 943 987 dominis
961 955 1083 986 morte
1101 948 1185 999 ipsa
1203 948 1359 987 tristius.

243 1001 292 1039 In
312 1015 420 1040 reum
440 1003 487 1041 de
513 1003 626 1041 servis
646 1003 871 1041 accusatoris
891 1015 979 1041 cum
1007 1003 1204 1054 quaeritur,
1225 1015 1360 1042 verum

239 1055 400 1093 inveniri
418 1065 541 1108 potest
557 1059 574 1095 ?

291 1111 382 1160 Age
399 1124 501 1158 vero,
523 1124 609 1162 quae
629 1118 720 1157 erat,
741 1118 807 1149 aut
822 1111 946 1162 qualis
958 1109 1143 1162 quaestio?
1172 1110 1284 1148 Heus
1297 1117 1355 1159 tu,

243 1163 400 1211 Ruscio,
422 1165 544 1205 (verbi
563 1166 693 1212 causa)
715 1178 802 1203 cave
821 1164 871 1202 sis
889 1164 1096 1203 mentiaris.
1126 1164 1284 1203 Clodius
1298 1164 1358 1202 in-

242 1217 357 1255 sidias
375 1218 463 1256 fecit
482 1218 625 1256 Miloni
640 1221 657 1257 :a
687 1219 806 1256 Fecit.
837 1219 950 1257 Certa
964 1232 1070 1257 crux.
1102 1219 1244 1256 Nullas
1256 1218 1356 1257 fecit.

241 1273 399 1322 Sperata
409 1272 573 1310 libertas.
604 1272 713 1320 Quid
727 1272 798 1310 hac
812 1273 1020 1324 quaestione
1031 1272 1192 1311 certius?
1222 1272 1359 1311 Subito

239 1325 378 1376 arrepti
392 1325 432 1362 in
452 1327 715 1377 quaestionem,
732 1334 861 1364 tamen
881 1334 1104 1377 separantur
1115 1339 1137 1364 a
1151 1326 1307 1374 caeteris,
1321 1334 1360 1365 et

237 1377 278 1415 in
298 1392 400 1417 arcas
420 1381 686 1429 conjiciuntur,
703 1393 750 1418 ne
770 1381 856 1431 quis
876 1393 964 1418 cum
979 1380 1025 1418 iis
1044 1380 1209 1431 colloqui
1227 1380 1358 1432 possit.

239 1432 297 1470 Hi
316 1442 468 1471 centum
489 1434 567 1472 dies
586 1447 701 1486 penes
721 1441 977 1473 accusatorem
1003 1447 1091 1472 cum
1114 1433 1288 1481 fuissent,
1309 1435 1359 1472 ab

238 1499 282 1524 eo
300 1487 384 1538 ipso
403 1496 616 1526 accusatore
627 1488 801 1540 producti
814 1496 913 1526 s.unt
944 1488 1052 1549 Quid
1065 1488 1137 1526 hae
1149 1488 1358 1540 quaestione

236 1539 311 1578 dici
329 1549 452 1591 potest
470 1542 686 1593 integrius?
716 1542 810 1593 quid
828 1542 1115 1594 incorruptius?

289 1594 458 1632 XXIII.
489 1595 606 1643 Quod
626 1596 656 1634 si
675 1596 846 1634 nondum
875 1596 964 1634 satis
982 1596 1146 1642 cernitis,
1174 1599 1280 1639 (cum
1298 1608 1359 1634 res

234 1647 318 1698 ipsa
336 1656 391 1686 tot
406 1656 485 1686 tam
505 1650 614 1687 claris
633 1649 867 1700 argumentis
886 1649 1078 1700 signisque
1097 1650 1238 1695 luceat)
1257 1650 1358 1701 pura

235 1709 363 1740 mente
374 1709 488 1753 atque
499 1703 646 1754 integra
659 1703 864 1749 Milonem,
878 1703 985 1741 nullo
997 1703 1132 1741 scelere
1143 1703 1355 1751 imbutum,

235 1755 344 1793 nullo
362 1764 469 1794 metu
499 1757 756 1808 perterritum,
786 1757 895 1795 nulla
914 1757 1141 1795 conscientia
1159 1757 1357 1796 exanima-

236 1816 336 1855 tum,
359 1810 529 1848 Romam
547 1811 765 1856 revertisse,
754 1825 764 1834 ·
795 1810 1044 1849 recordamini
1064 1814 1148 1862 (per
1163 1811 1268 1849 Deos
1282 1812 1357 1850 im-

235 1863 414 1902 mortales
430 1864 460 1911 ἰ)
489 1877 577 1916 quae
593 1864 709 1902 fuerit
728 1865 896 1903 celeritas
909 1864 1050 1903 reditus
1069 1866 1179 1914 ejus;
1210 1865 1278 1916 qui
1296 1865 1356 1903 in-

234 1930 384 1967 gressus
415 1918 456 1956 in
487 1918 630 1967 forum,
664 1919 818 1956 ardente
851 1918 981 1964 curia3
1011 1932 1100 1970 quae
1127 1919 1356 1970 magnitudo

233 1970 367 2019 animi,
388 1972 456 2024 qui
470 1973 612 2018 vultus,
633 1985 720 2024 quae
739 1972 868 2011 oratio.
900 1973 1040 2034 Neque
1050 1985 1138 2011 vero
1153 1985 1192 2010 se
1210 1973 1364 2024 populo-

236 2024 375 2073 solum,
406 2026 472 2064 sed
492 2026 607 2064 etiam
626 2026 785 2075 senatui,
807 2026 1025 2072 commisit;
1055 2038 1180 2078 neque
1205 2026 1354 2064 senatui

235 2078 366 2127 modo,
386 2080 451 2118 sed
469 2080 584 2118 etiam
608 2080 773 2141 publicis
790 2080 976 2132 praesidiis
995 2088 1032 2118 et
1056 2080 1198 2126 armis3
1227 2092 1353 2132 neque

234 2131 295 2170 his
313 2139 480 2181 tantum,
500 2146 635 2173 verum
655 2133 771 2172 etiam
791 2136 873 2184 ejus
899 2134 1090 2186 potestati,
1120 2133 1183 2173 cui
1201 2141 1355 2172 senatus

238 2192 357 2225 totam
387 2187 678 2240 rempublicam,
709 2200 863 2228 omnem
894 2189 1018 2228 Italiae
1040 2189 1198 2241 pubem,
1218 2195 1356 2227 cuncta
