1509 2397
361 93 704 135 PHILIPPICA
733 95 817 135 111.
848 94 953 135 CAP.
976 96 1014 134 8.
1162 94 1244 133 249

114 202 163 242 tis
178 202 334 255 quidem
347 211 460 253 certe,
473 204 679 243 Bambalio
691 204 852 256 quidam
863 211 985 255 pater,
998 202 1115 241 homo
1133 202 1244 240 nullo

114 269 288 296 numero.
327 258 439 297 Nihil
464 259 531 297 illo
557 259 811 304 contemtius;
843 259 924 310 qui,
953 265 1107 309 propter
1135 256 1246 294 haesi-

113 311 276 350 tantiam
303 312 461 364 linguae,
493 320 765 365 stuporemque
794 312 930 359 cordis,
955 324 1168 363 cognomen
1199 323 1247 348 ex

112 367 350 404 contumelia
386 367 556 406 traxerit.
598 368 659 406 At
695 380 788 405 avus
822 366 972 405 nobilis.
1021 365 1244 403 Tuditanus

114 431 255 470 nempe
274 420 353 466 ille,
373 421 438 459 ine
457 421 540 473 qui,
560 435 649 460 cum
668 422 772 473 palla
788 428 824 458 et
840 420 1049 465 cothurnis,
1065 431 1246 457 nummos

113 474 262 525 populo
281 474 328 512 de
348 476 497 514 Rostris
513 489 688 528 spargere
701 476 856 514 solebat.
878 475 1032 512 Vellem
1044 474 1144 512 hanc
1157 485 1247 510 con-

116 528 343 567 temtionem
362 530 534 580 pecuniae
552 532 630 568 suis
645 529 858 581 reliquisset
875 544 885 567 ε
908 528 1098 566 haberetis
1109 527 1248 565 nobili-

115 588 239 620 tatem
257 584 406 633 generis
424 585 640 635 gloriosam.
672 584 755 632 Qui
770 592 899 622 autem
915 583 1106 629 convenit,
1120 590 1164 619 ut
1178 580 1248 618 tibi

115 636 279 675 Aricina
298 646 411 676 natus
429 639 608 689 ignobilis
629 639 815 686 videatur,
837 651 926 676 cum
947 646 989 675 tu
1009 636 1145 674 eodem
1165 648 1250 672 ma-

110 698 226 728 terno
244 705 380 743 genere
399 693 518 731 soleas
537 693 722 744 gloriari?
752 705 840 744 quae
858 705 970 743 porro
990 689 1158 728 amentia
1178 696 1247 737 est,

110 757 212 782 eum
232 745 355 784 dicere
373 747 521 798 aliquid
539 747 586 785 de
604 760 772 785 uxorum
786 746 1039 797 ignobilitate,
1054 745 1164 794 cujus
1183 757 1252 794 pa-

116 805 176 836 ter
195 799 462 839 Numitoriam
482 801 764 852 Fregellanam,
790 799 992 851 proditoris
1016 799 1153 846 filiam,
1181 798 1252 835 ha-

114 853 246 891 buerit
264 867 450 901 uxorema
481 855 562 906 ipse
582 869 629 893 eg
647 855 816 894 libertini
836 854 916 892 filia
931 852 1138 904 susceperit
1155 851 1253 890 libe-

116 909 212 946 ros?
242 908 319 947 Sed
341 909 413 947 hoc
439 908 730 947 clarissimi-viri
749 908 926 955 viderint,
950 908 997 946 L.
1027 906 1250 957 Philippus,

108 960 189 1012 qui
208 961 324 1001 habet
341 963 545 1002 Aricinam
563 977 739 1010 uxorem,
759 963 806 1001 C.
829 962 1055 1008 Marcellus,
1077 961 1145 1012 qui
1159 960 1254 998 Ari-

117 1014 219 1053 cinae
250 1017 371 1055 filiam
387 1031 399 1064 ;
430 1031 526 1069 quos
556 1026 661 1056 certo
689 1017 767 1056 scio
792 1016 989 1068 dignitatis
1016 1015 1255 1067 optimarum

109 1068 355 1110 feminarum
374 1084 452 1110 non
470 1073 665 1123 poenitere.

173 1125 274 1164 VII.
297 1125 410 1164 Idem
426 1127 543 1165 etiam
559 1126 610 1174 Q.
622 1127 862 1174 Ciceronem,
876 1125 1003 1164 fratris
1018 1124 1095 1163 mei
1108 1124 1251 1172 filium,

117 1180 327 1232 compellat
354 1180 500 1226 edict03
533 1193 603 1219 nec
627 1181 755 1229 sentit,
785 1193 931 1227 amens,
952 1178 1253 1218 commendatio-

119 1249 213 1274 nem
233 1247 312 1272 esse
331 1235 665 1286 compellationem
685 1249 807 1274 suam.
840 1234 950 1283 Quid
969 1233 1073 1272 enim
1088 1232 1257 1271 accidere

121 1290 214 1328 huic
242 1288 470 1326 adolescenti
498 1289 624 1340 potuit
649 1290 830 1341 optatius,
861 1301 980 1340 quam
1009 1286 1185 1338 cognosci
1207 1288 1256 1324 ab

121 1342 360 1390 hominibus,
383 1343 546 1381 Caesaris
558 1344 803 1382 consiliorum
819 1356 900 1381 esse
913 1342 1072 1389 socium,
1091 1340 1257 1379 Antonii

117 1397 264 1437 furoris
276 1397 517 1435 inimicum?
547 1403 606 1435 At
625 1397 741 1436 etiam
756 1397 943 1448 gladiator
962 1409 1079 1434 ausus
1099 1403 1154 1433 est
1168 1394 1260 1433 scri-

122 1454 227 1498 bere,
248 1451 353 1489 hunc
372 1450 420 1488 de
438 1451 556 1502 patris
576 1460 613 1490 et
622 1452 752 1503 patrui
772 1451 972 1503 parricidio
988 1449 1187 1500 cogitasse.
1217 1448 1258 1487 Ο

119 1505 394 1544 admirabilem
413 1505 711 1556 impudentiam,
733 1505 947 1551 audaciam,
976 1503 1228 1541 temeritatem
1246 1503 1256 1540 !

122 1560 166 1598 in
187 1572 277 1598 eum
295 1559 574 1598 adolescentem
598 1560 672 1598 hoc
698 1560 857 1598 scribere
876 1559 1029 1604 audere,
1051 1570 1168 1609 quem
1188 1570 1259 1607 ego

123 1621 164 1653 et
183 1614 299 1652 frater
315 1626 440 1663 meus,
469 1622 626 1665 propter
649 1615 734 1664 ejus
757 1613 999 1652 suavissimos
1025 1620 1141 1664 atque
1159 1611 1259 1662 opti-

126 1681 217 1707 mos
232 1680 372 1716 mores,
389 1668 828 1720 praestantissimumque
846 1667 1062 1719 ingenium,
1084 1665 1263 1705 certatim

126 1735 323 1770 amamus,
354 1722 614 1773 omnibusque
642 1723 762 1771 horis,
793 1722 927 1768 oculis,
948 1721 1126 1767 auribus,
1156 1732 1264 1758 com-

129 1778 266 1829 plexu,
282 1783 456 1815 tenemus
473 1777 483 1814 2
516 1777 639 1825 Nam,
655 1789 719 1815 me
734 1776 876 1814 eisdem
890 1775 1036 1823 edictis,
1049 1774 1181 1822 nescit,
1196 1774 1265 1811 lae-

126 1831 199 1869 dat
218 1843 266 1868 an
285 1830 430 1868 laudet.
470 1831 574 1869 Cum
593 1831 698 1869 idem
716 1830 950 1882 supplicium
976 1829 1147 1867 minatur
1165 1828 1265 1880 opti-

132 1885 208 1924 mis
236 1884 398 1932 civibus,
426 1885 532 1936 quod
557 1898 628 1937 ego
653 1885 701 1923 de
727 1884 1022 1924 sceleratissimis
1047 1883 1265 1930 sumserim,

129 1939 290 1978 laudare
305 1939 468 1987 videtur,
483 1940 594 1991 quasi
611 1939 755 1978 imitari
767 1939 881 1977 velit:
905 1951 994 1976 cum
1006 1944 1136 1975 autem
1154 1936 1265 1974 illam

127 1993 385 2046 pulcherrimi
403 1993 494 2031 facti
512 1993 738 2032 memoriam
749 1993 916 2040 refricat,
932 2000 1018 2030 tum
1037 2005 1060 2029 a
1079 1990 1139 2029 sui
1159 1991 1266 2033 simi-

126 2048 235 2086 ³libus
253 2047 440 2085 invidiam
454 2047 627 2099 aliquam
645 2048 684 2085 in
705 2061 770 2086 me
788 2046 1020 2086 commoveri
1038 2052 1162 2096 putat.

188 2101 314 2140 VIII.
345 2101 421 2140 Sed
438 2102 522 2153 ipse
541 2102 636 2154 quid
648 2102 736 2140 fecit
750 2105 767 2140 ?
798 2102 902 2140 Cum
922 2107 977 2138 tot
991 2099 1112 2137 edicta
1123 2110 1266 2149 propo-

124 2155 287 2202 suisset,
308 2155 441 2204 edixit,
461 2164 507 2194 ut
525 2157 672 2195 adesset
690 2162 842 2194 senatus
856 2155 1035 2206 frequens
1054 2166 1088 2191 a,
1100 2152 1263 2192 d.V111

128 2208 332 2250 {jalendas
342 2210 578 2251 Decembres
593 2224 605 2259 ;
627 2223 672 2250 eo
685 2209 835 2263 dieipse
852 2221 930 2249 non
948 2207 1072 2248 affilit-
1092 2210 1153 2247 At
1170 2220 1269 2261 quo-
