1509 2397
348 55 691 96 PHILIPPICA
721 56 841 96 XIV.
871 56 978 97 CAP.
1009 59 1046 105 7.
1211 61 1292 106 397

162 175 253 202 rum
277 165 442 206 civitatis
462 168 665 219 putabant.
694 165 815 215 Quod
844 174 889 205 ut
918 180 1009 206 cum
1031 167 1179 207 invidia
1206 170 1294 209 mea

162 218 284 268 fieret,
315 228 353 258 et
385 234 476 260 cum
508 222 598 260 vitae
626 222 745 260 etiam
776 222 960 273 periculo,
996 223 1143 262 famam
1179 224 1294 263 istam

159 272 324 312 fascium
349 275 658 327 dissipaverunt:
690 276 810 315 fasces
841 276 918 328 ipsi
947 277 999 315 ad
1030 290 1094 316 me
1126 277 1292 318 delaturi

159 326 329 367 fuerunt.
360 330 480 379 Quod
504 344 594 369 cum
615 339 710 369 esset
740 331 852 382 quasi
880 331 968 370 mea
989 332 1186 371 voluntate
1214 334 1295 373 fac-

160 388 264 431 tum,
296 391 384 423 tum
412 385 452 423 in
478 397 543 424 me
577 386 746 438 impetus
764 385 1042 432 conduQrum
1072 387 1294 436 hominum,

157 438 269 488 quasi
298 438 339 477 in
358 447 585 492 tyrannum,
611 441 846 492 parabatur:
878 453 926 479 ex
953 453 1031 492 quo
1058 442 1179 480 caedes
1199 451 1295 482 esset

157 495 325 532 vestrum
347 495 524 533 omnium
556 502 768 534 consecuta.
799 494 903 542 Quae
934 507 995 532 res
1025 496 1199 547 patescit,
1224 511 1314 549 pa->

158 552 234 585 tres
252 549 481 602 conscripti:
513 550 581 589 sed
600 561 670 589 suo
684 557 858 602 tempore
872 549 989 588 totius
1005 549 1124 601 hujus
1143 552 1294 591 sceleris

157 599 243 640 fons
262 603 466 655 aperietur.

211 657 353 710 Itaque
384 659 430 696 Ρ.
460 659 672 712 Apuleius,
715 659 896 698 tribunus
935 659 1076 711 plebis,
1112 671 1291 701 meorum

154 712 334 751 omnium
364 714 613 753 consiliorum
645 714 1000 766 periculorumque,
1031 716 1118 763 jam
1151 715 1242 755 inde
1271 730 1296 756 a

155 767 357 806 consulatu
388 781 490 817 meo,
525 769 644 817 testis,
689 769 875 817 conscius,
911 768 1079 818 adjutor,
1120 768 1294 810 dolorem

152 819 252 860 ferre
263 834 341 861 non
355 823 483 874 potuit
499 837 509 861 ε
532 823 672 861 doloris
685 823 762 861 mei
777 823 999 861 concionem
1013 822 1154 863 habuit
1166 826 1292 864 maxi.

152 886 275 924 mam,
300 878 445 930 populo
469 878 649 916 Romano
672 889 796 915 unum
817 886 934 929 atque
956 877 1060 916 idem
1091 880 1291 920 sentiente.

154 929 205 968 In
235 932 315 983 qua
334 932 526 977 concione,
554 944 644 969 cum
664 944 741 977 me,
768 944 838 983 pro
857 933 1014 971 summa
1040 932 1171 972 nostra
1201 948 1292 974 con-

149 985 350 1035 junctione
369 993 406 1024 et
424 986 699 1033 familiaritate,
713 986 875 1024 liberare
890 987 1110 1038 suspicione
1129 987 1293 1030 fascium

153 1040 282 1087 vellet,
302 1040 383 1078 una
411 1051 502 1079 voce
521 1049 659 1080 cuncta
681 1040 812 1080 concio
843 1041 1064 1089 declaravit,
1092 1042 1190 1082 nihil
1213 1057 1293 1084 esse

154 1107 178 1132 a
197 1107 261 1133 me
278 1106 453 1147 unquam
473 1094 522 1134 de
540 1109 581 1134 re
603 1095 775 1147 publica,
791 1095 865 1134 nisi
890 1098 1049 1148 optime,
1065 1097 1291 1149 cogitatum.

154 1148 248 1187 Post
266 1148 366 1188 hanc
377 1149 550 1188 habitam
566 1150 802 1198 concionem,
819 1150 970 1191 duabus
986 1153 1157 1191 tribusve
1171 1153 1289 1202 horis,

151 1203 381 1254 optatissimi
400 1205 528 1242 nuntii
558 1212 595 1244 et
613 1205 734 1243 literae
760 1213 973 1245 venerunt:
1005 1214 1049 1245 ut
1071 1205 1178 1246 idem
1209 1208 1290 1248 dies

152 1266 230 1296 non
249 1258 367 1298 modo
385 1271 449 1298 me
460 1258 703 1311 iniquissima
718 1259 864 1298 invidia
882 1261 1069 1309 liberarit,
1087 1261 1157 1300 sed
1173 1263 1291 1303 etiam

152 1312 401 1352 celeberrima
419 1314 555 1366 populi
574 1314 746 1353 Romani
765 1315 1023 1366 gratulatione
1042 1317 1206 1356 auxerit.

209 1367 308 1407 Haec
326 1368 552 1421 interposui,
572 1378 699 1422 patres
719 1371 935 1422 conscripti,
957 1383 1034 1410 non
1055 1379 1135 1410 tam
1155 1380 1199 1411 ut
1218 1385 1290 1425 pro

152 1433 218 1460 me
235 1422 416 1472 dicerem,
438 1424 557 1468 (male
576 1424 681 1463 enim
703 1437 858 1464 mecum
885 1433 1074 1477 ageretur,
1097 1426 1129 1465 si
1147 1440 1289 1479 parum

152 1477 261 1516 vobis
276 1490 398 1517 essem
418 1479 498 1517 sine
511 1478 730 1519 defensione
749 1487 954 1532 purgatus)
974 1493 1093 1533 quam
1110 1488 1154 1519 ut
1172 1495 1289 1534 quos-

152 1530 245 1570 dam
268 1532 385 1572 nimis
408 1534 544 1584 jejuno
570 1534 700 1573 animo
731 1543 769 1574 et
794 1543 959 1587 angusto
987 1548 1200 1584 monerem,
1232 1537 1291 1580 (id

150 1587 257 1638 quod
275 1600 426 1640 semper
441 1588 531 1641 'ip‘se
549 1589 740 1639 fecissem)
767 1589 826 1628 uti
848 1590 1122 1629 excellentium
1143 1591 1287 1630 civium

153 1640 338 1681 virtutem
362 1643 577 1683 imitatione
605 1644 780 1697 dignam,
807 1657 885 1684 non
914 1645 1074 1693 invidia,
1096 1654 1288 1698 putarent.

146 1694 324 1748 Magnus
338 1706 394 1737 est
407 1699 448 1737 in
461 1711 501 1738 re
515 1699 673 1752 publica
692 1713 867 1752 campus,
885 1707 928 1738 ut
951 1700 1142 1752 sapienter
1157 1700 1283 1740 dicere

151 1749 314 1791 Crassus
332 1753 505 1801 solebat;
536 1755 670 1793 multis
689 1763 846 1807 apertus
865 1768 998 1794 cursus
1018 1755 1067 1793 ad
1085 1755 1256 1794 laudem.

207 1806 309 1846 VII.
340 1808 504 1847 Utinam
533 1809 691 1862 quidem
712 1810 770 1848 illi
794 1809 986 1862 principes
1005 1810 1190 1856 viverent,
1218 1809 1288 1863 qui

151 1873 230 1909 me,
251 1870 338 1914 post
362 1875 497 1902 meum
524 1865 783 1913 consulatum,
805 1877 896 1904 cum
922 1865 969 1903 iis
989 1865 1071 1916 ipse
1097 1865 1287 1914 cederem,

147 1916 365 1969 principem
390 1930 468 1957 non
494 1919 605 1958 inviti
632 1919 839 1958 videbant!
872 1919 961 1958 Hoc
988 1932 1076 1958 vero
1096 1927 1285 1972 tempore,

147 1969 191 2009 in
218 1972 327 2010 tanta
346 1971 478 2026 inopia
496 1974 756 2013 constantium
776 1981 814 2014 et
831 1975 991 2014 fortium
1010 1975 1288 2023 consularium,

148 2037 229 2077 quo
247 2038 312 2065 me
331 2026 462 2067 dolore
480 2028 580 2068 affici
600 2028 765 2077 creditis,
786 2043 877 2068 cum
896 2029 991 2068 alios
1009 2029 1112 2068 male
1131 2029 1286 2078 sentire,

148 2079 245 2119 alios
262 2081 362 2120 nihil
381 2083 541 2122 omnino
559 2097 706 2133 curare,
731 2083 898 2133 videam,
923 2084 1018 2123 alios
1037 2096 1178 2136 parum
1197 2096 1289 2123 con-

147 2141 294 2174 stanter
310 2135 352 2174 in
372 2139 549 2191 suscepta
577 2139 695 2179 causa
715 2152 954 2192 permanere,
979 2139 1288 2191 sententiamque

145 2201 258 2228 suam
276 2203 356 2230 non
376 2205 528 2245 semper
550 2194 718 2234 utilitate
742 2193 978 2248 reipublicae,
1000 2193 1066 2233 sed
1093 2206 1183 2234 cum
1203 2206 1285 2246 spe,

204 2245 359 2296 (Orat.)
391 2258 497 2289 von.
521 2259 585 2288 ιν.
925 2251 951 2288 2
975 2261 1011 2289 Μ
