1509 2397
439 559 669 600 ORATIO
698 559 840 602 XLII,

263 767 393 814 PRO
430 767 605 814 REGE
641 764 1013 814 DEIOTARO.

453 888 520 926 Ad
542 888 587 927 C.
614 888 819 926 Caesarem.

558 1017 707 1043 -φ-

405 1134 851 1180 ARGUMENTUM.

70 1256 355 1297 DE10TARUS
382 1260 570 1298 tetrarcha
601 1259 894 1298 Gallo-Graeciae²
925 1259 1001 1297 sive
1030 1257 1194 1296 Galatiae

69 1312 156 1350 fuit.
188 1313 242 1359 Is,
263 1313 368 1364 quod
387 1326 539 1351 summa
558 1314 639 1362 ejus
657 1314 697 1351 in
719 1314 916 1351 Romanos
934 1313 1027 1350 fides
1046 1319 1193 1350 const&

62 1366 146 1412 bat,
165 1379 188 1403 a
202 1367 388 1418 Pompeio
400 1380 517 1417 regno
531 1367 730 1405 Armeniae
745 1367 902 1404 minoris
922 1366 1098 1410 donatus,
1119 1373 1156 1403 et
1170 1378 1194 1403 a

64 1428 201 1458 senatu
236 1420 324 1458 Rex
358 1428 413 1459 est
439 1421 664 1472 appellatus.
713 1420 789 1459 His
818 1420 1009 1458 beneficiis
1042 1422 1193 1458 senatus

64 1474 319 1525 Pompeiique
347 1484 559 1526 permotus,
587 1487 676 1513 cum
704 1475 745 1512 in
763 1475 865 1513 bello
885 1474 987 1512 civili
1006 1473 1192 1525 Pompeio

60 1528 208 1565 auxilia
237 1528 416 1576 misisset,
447 1528 607 1567 Caesaris
632 1528 807 1566 animum
837 1528 1005 1566 offendit.
1036 1528 1189 1578 Itaque,

59 1581 162 1619 bello
182 1582 452 1621 Alexandrino
472 1583 695 1644 composite,
725 1595 813 1620 cum
833 1582 987 1620 Caesar
978 1594 1018 1619 m
1035 1581 1189 1629 Asiam,

59 1635 272 1674 Pharnacis
293 1637 409 1674 Ponti
437 1637 536 1687 regis
562 1637 663 1675 bello
692 1636 945 1688 persequendi
974 1649 1101 1682 causa,
1126 1649 1190 1673 ve.-

60 1689 203 1735 nisset‚
192 1703 202 1712 ·
234 1702 278 1727 eo
298 1690 459 1738 devicto,
476 1691 706 1729 Deiotarum
725 1691 840 1728 etiam
859 1702 976 1741 regno
990 1689 1190 1728 Armeniae

59 1743 266 1790 multavit3
297 1755 439 1782 nomen
458 1752 589 1782 autem
618 1744 784 1795 regium,
810 1752 847 1782 et
871 1744 1020 1796 reliqua
1038 1746 1190 1782 senatus

57 1797 256 1846 beneficia,
274 1799 466 1836 concessit.
497 1798 589 1846 Quo
608 1806 779 1850 tempore
791 1811 879 1836 cum
895 1798 944 1836 ad
963 1811 1052 1836 eum
1067 1797 1189 1836 diver-

57 1849 163 1889 tisset
182 1850 326 1900 Caesar,
346 1852 611 1890 liberalissime
626 1866 649 1890 a
666 1865 765 1913 rege.
771 1852 927 1890 habitus
947 1860 1016 1900 est,
1036 1851 1188 1902 magni-

57 1903 206 1956 ficeque
231 1905 408 1944 donatus.
440 1906 586 1945 Graves
606 1914 734 1944 autem
755 1905 964 1944 inimicitiae
981 1905 1187 1944 intercede-

57 1957 153 2005 bagnt
184 1958 371 1998 Deiotaro
404 1973 494 1999 cum
525 1960 694 2009 Castore,
726 1973 774 1999 ex
805 1959 885 1998 filia
917 1967 1068 2011 nepote,
1100 1973 1187 2010 quae

59 2011 313 2051 Saoeondario
336 2021 530 2066 nupserat.
573 2015 725 2066 Itaque,
758 2026 848 2052 cum
875 2014 1008 2052 Castor
1030 2025 1186 2051 omnem

59 2077 129 2103 avo
148 2067 309 2105 nocendi
327 2068 562 2107 occasionem
579 2076 758 2120 captaret,
776 2068 825 2105 ad
844 2080 928 2105 eam
947 2080 1029 2105 rem
1044 2068 1185 2106 abusus

61 2125 117 2157 πῖ
127 2126 299 2171 tempore
318 2121 400 2167 illo,
416 2134 494 2173 quo
514 2123 642 2161 Caesar
660 2122 709 2160 ad
728 2121 956 2160 Deiotarum
974 2121 1184 2159 diversatus

62 2179 200 2212 erat-2
182 2174 303 2224 Nam,
324 2176 488 2214 abducto
511 2178 560 2215 ab
580 2189 652 2215 avo
674 2189 780 2214 seno
797 2175 945 2214 medico
973 2174 1181 2226 Phidippo,

0 2254 1 2268 ,
62 2225 168 2265 misit
185 2239 273 2267 eum
295 2241 384 2268 cum
403 2230 529 2281 legato
550 2231 734 2280 Romam,
755 2229 955 2269 accusandi
973 2229 1033 2267 avi
1052 2242 1179 2275 causa,
