1509 2397
279 85 392 126 PRO
411 86 608 125 RABIR.
631 83 920 125 POSTUMO.
950 86 1055 125 CAP.
1077 87 1115 125 9.
1181 86 1256 125 129

139 190 299 241 hujus,
287 205 462 245 mquam,
478 193 696 245 reipublicae
714 194 850 254 civem,
871 207 958 245 quae
977 201 1031 232 est
1049 205 1128 231 una
1144 206 1256 231 max-

138 243 229 292 ime,
249 254 285 284 et
302 247 377 285 fuit
394 261 556 299 semper,
576 248 708 295 libera,
725 247 851 285 venire
865 247 905 284 in
918 260 1007 285 eum
1025 248 1169 293 locum,
1189 247 1257 286 ubi

137 300 350 349 parendum
368 301 490 348 alteri,
512 310 549 339 et
567 315 648 340 sen
649 301 807 338 iendum
827 314 858 339 51
847 301 898 340 ’.1
889 303 906 328 ⁹
941 326 949 336 .

191 352 267 391 IX.
299 354 375 392 Sed
390 368 460 406 ego
471 355 511 392 in
523 355 595 393 hoc
606 362 734 393 tamen
748 355 934 393 Postumo
948 366 1025 392 non
1044 354 1254 415 ignoscam,

135 404 283 445 homini
301 408 538 447 mediocriter
557 409 684 469 docto,
701 421 778 460 quo
791 408 942 446 videam
961 408 1257 468 sapientissimos

135 458 310 500 homines
334 475 412 500 esse
436 463 595 514 lapsos?
633 462 684 500 V
673 475 775 500 irum
801 475 925 500 unum
956 462 1073 500 totius
1099 462 1256 500 Graeciae

134 513 245 552 facile
274 515 551 578 doctissimum,
587 517 804 563 Platonem,
831 516 1034 577 iniquitate
1062 515 1254 567 Dionysii,

136 567 276 606 Siciljae
298 571 463 621 tyranni,
489 572 551 609 cui
574 584 613 609 se
640 570 706 608 ille
729 570 985 618 commiserat,
1010 570 1050 607 in
1076 570 1257 607 maximis

135 621 312 672 periculis
330 624 554 676 insidiisque
580 637 658 662 esse
676 632 871 662 versatum
897 623 1136 674 accepimus.
1168 623 1258 662 Cal-

135 674 352 725 listhenem,
373 678 529 717 doctum
546 678 758 725 hominem,
776 678 953 716 comitem
974 677 1115 728 Magni
1133 677 1259 715 Alex-

135 729 258 777 andri,
279 733 328 771 ab
339 732 564 770 Alexandro
583 739 786 770 necatum:
817 732 1062 770 Demetrium
1082 740 1118 770 et
1133 744 1180 769 ex
1200 745 1258 770 re-

133 784 289 834 publica
306 785 488 834 Athenis,
513 799 632 837 quam
654 786 798 837 optime
826 794 1002 837 gesserat,
1034 793 1070 823 et
1098 799 1146 823 ex
1169 785 1258 824 doc-

134 836 235 876 trina
253 839 421 877 nobilem
441 848 479 878 et
493 841 655 886 clarum,
677 840 744 891 qui
759 841 966 878 Phalereus
981 839 1165 877 vocitatus
1185 847 1253 883 est,

133 889 175 928 in
201 892 334 930 eodem
359 893 431 932 isto
450 894 613 954 AEgypti
638 906 768 945 regno,
795 894 926 946 aspide
954 894 1002 932 ad
1025 907 1161 945 corpus
1189 893 1257 931 ad-

133 945 254 992 mota,
275 946 354 984 vita
373 961 410 985 es
412 961 450 986 se
468 948 675 999 privatum.

189 1000 311 1039 Plane
329 1001 522 1048 confiteor,
542 1002 624 1040 fieri
642 1002 742 1039 nihil
760 1015 869 1054 posse
887 1001 1115 1050 dementius,
1138 1015 1256 1053 quam

133 1053 314 1093 scientem
328 1054 368 1092 in
388 1069 477 1094 eum
494 1056 623 1094 locum
643 1069 666 1094 v
669 1056 783 1103 enire,
798 1057 865 1094 ubi
878 1056 1093 1094 libertatern
1109 1056 1158 1094 sis
1171 1069 1257 1118 per-

134 1107 295 1147 diturus.
325 1109 401 1148 Sed
419 1110 537 1161 hujus
556 1109 665 1148 istius
690 1110 780 1148 facti
805 1110 1008 1148 stultitiam
1034 1111 1158 1160 major
1173 1111 1257 1159 jam

133 1162 305 1214 superior
323 1163 485 1202 stultitia
503 1164 698 1207 defendit,
730 1177 817 1216 quae
834 1164 939 1212 facit,
960 1173 1004 1202 ut
1021 1164 1094 1203 hoc
1112 1164 1255 1203 stultis·

133 1215 278 1254 simum
296 1216 457 1264 facinus,
478 1217 610 1269 quod
600 1230 640 1255 111
655 1230 817 1269 regnum
832 1218 987 1266 venerit,
1005 1218 1109 1269 quod
1122 1218 1203 1269 regi
1218 1230 1257 1256 se

134 1270 379 1318 commiserit,
400 1272 588 1323 sapienter
599 1271 743 1310 factum
756 1285 835 1310 esse
847 1272 1043 1310 videatur:
1067 1272 1257 1323 siquidem

134 1335 212 1362 non
232 1332 313 1362 tam
331 1337 481 1376 semper
500 1325 621 1372 stulti,
638 1338 757 1376 quam
777 1338 858 1363 sero
878 1326 1058 1377 sapientis
1077 1333 1146 1373 est,
1167 1338 1256 1364 cum

135 1377 300 1416 stultitia
322 1391 392 1416 sua
417 1379 624 1431 impeditus
650 1379 712 1428 sit,
740 1392 896 1431 quoquo
918 1380 1034 1418 modo
1056 1379 1258 1431 possit,se

136 1431 328 1483 expedire.

189 1485 454 1533 Quamobrem
469 1487 567 1526 illud
581 1495 734 1525 maneat
746 1495 783 1525 et
801 1487 925 1525 fixum
938 1488 999 1535 sit,
1017 1487 1121 1540 quod
1133 1500 1258 1539 neque

135 1540 280 1578 moveri
305 1552 429 1592 neque
451 1541 593 1579 mutari
615 1549 765 1593 potest;
798 1542 838 1579 in
862 1555 938 1603 quo
962 1542 1063 1594 aequi
1090 1555 1258 1594 sperasse

134 1593 367 1632 Postumum
395 1594 541 1643 dicunt,
560 1608 734 1647 peccasse
758 1595 896 1647 iniqui,
917 1596 998 1647 ipse
1024 1596 1139 1634 etiam
1158 1596 1260 1634 insa-

134 1649 237 1686 nisse
255 1661 295 1686 se
318 1648 533 1709 confitetur,
555 1649 658 1701 quod
677 1661 801 1698 suam,
823 1650 926 1701 quod
945 1650 1171 1697 amicorum,
1191 1663 1260 1701 pe-

136 1702 291 1740 cuniam
321 1703 403 1754 regi
426 1703 639 1750 crediderit,
665 1716 754 1742 cum
774 1711 879 1742 tanto
908 1704 1150 1742 fortunarum
1173 1717 1263 1742 sua-

135 1768 224 1794 rum
254 1756 434 1808 perieulo.
483 1757 572 1796 Hoc
601 1757 758 1809 quidem
788 1758 905 1796 semel
934 1766 1110 1810 suscepto
1143 1766 1258 1810 atque

135 1816 340 1857 contracto,
363 1810 609 1862 perpetienda
630 1812 698 1849 illa
721 1811 891 1859 suerunt,
916 1820 961 1851 ut
987 1826 1026 1851 se
1051 1812 1258 1863 aliquando

135 1863 186 1902 ad
204 1876 291 1903 suos
308 1864 527 1908 vindicaret.
557 1865 710 1918 Itaque,
719 1865 893 1915 oincias,
910 1867 1010 1913 licet,
1027 1879 1144 1918 quam
1156 1866 1259 1904 voles

137 1930 249 1969 saepe,
269 1918 473 1980 palliatum
491 1919 624 1966 fuisse,
645 1919 775 1971 aliqua
795 1919 974 1958 habuisse
991 1933 1069 1958 11011
1090 1920 1259 1958 Romani

136 1970 332 2010 hominis
322 1973 512 2023 msignia;
542 1973 689 2025 quoties
709 1986 840 2011 eorum
859 1974 1059 2025 quidpiam
1073 1974 1186 2022 dices,
1202 1981 1261 2011 to-

139 2024 209 2063 ties
234 2038 358 2064 unum
378 2026 479 2065 dices
505 2036 620 2079 atque
637 2026 749 2075 illud,
770 2034 912 2066 temere
936 2028 1039 2066 hunc
1058 2028 1260 2079 pecuniam

139 2079 220 2140 regi
238 2079 466 2126 credidisse,
497 2094 585 2119 suas
608 2081 781 2120 fortunas
806 2089 921 2134 atque
947 2082 1093 2120 famam
1111 2081 1261 2120 libidini

138 2133 501 2183 regiaecommisisse.
524 2136 680 2174 Fecerat
691 2142 852 2174 temere:
866 2136 1011 2174 fateor:
1032 2135 1262 2174 mutarifac-

140 2192 223 2224 tum
232 2187 314 2237 jam
328 2188 435 2227 nullo
448 2188 562 2229 modo
576 2196 748 2241 poterat:
770 2197 835 2228 aut
848 2189 1011 2242 pallium
1031 2188 1263 2229 sumendum
