1509 2397
371 84 486 124 PRO
515 83 764 123 MILONE.
795 84 901 123 Cir.
933 86 971 121 5.
1180 86 1233 121 85

113 192 147 232 si
164 191 205 232 id
225 191 487 238 memineritis,
509 191 613 243 quod
640 192 813 231 oblivisci
842 204 919 230 non
941 191 1112 243 potestis,
1140 191 1232 230 insi-

112 247 297 285 diatorem
312 247 400 296 jure
418 246 578 284 interfici
596 259 716 297 posse.

166 301 217 340 V.
246 299 428 351 Sequitur
445 300 557 347 illud,
574 300 677 351 quod
696 314 718 338 a
738 299 899 337 Milonis
918 300 1081 338 inimicis
1101 301 1229 351 saepis-

110 355 206 394 sime
223 353 375 400 dicitur,
397 354 566 401 Caedem,
587 354 628 391 in
649 354 727 405 qua
750 353 795 391 P.
819 353 976 392 Clodius
996 354 1138 392 occisus
1158 362 1226 400 est,

110 417 287 448 senatum
303 408 508 457 judicasse,
529 415 659 446 contra
678 409 955 459 rempublicam
976 421 1055 446 esse
1073 408 1226 446 factam.

111 463 228 502 Illam
258 474 346 500 vero
377 470 528 500 senatus
555 474 631 499 non
662 462 857 500 sententiis
884 462 961 500 suis
991 463 1130 509 solum,
1163 463 1228 500 sed

110 517 226 555 etiam
257 515 407 563 studiiS,
440 517 712 567 comprobavit.
750 516 912 564 Quoties
943 517 1046 554 enim
1077 524 1131 554 est
1160 516 1227 554 illa

109 584 223 609 causa
248 583 271 608 a
289 570 400 608 nobis
420 578 503 608 acta
528 571 569 607 in
592 571 750 608 senatu!
783 570 923 622 quibus
949 570 1228 609 assensionibus

108 624 276 663 universi
307 624 450 662 ordinis
469 625 479 661 l
518 637 636 676 quam
669 637 739 663 nec
768 625 904 671 tacitis,
939 637 1008 663 nec
1041 625 1197 663 occultis
1214 624 1223 662 2

107 677 279 726 Quando
308 678 426 724 enim,
457 678 763 730 frequentissimo
791 687 939 724 senatu,
966 686 1143 731 quatuor,
1178 678 1227 716 ad

107 745 309 771 summum
328 733 513 784 quinque,
530 741 619 770 sunt
633 733 790 780 inventi,
808 733 876 784 qui
890 733 1052 771 Milonis
1072 746 1226 771 causam

107 799 186 825 non
217 788 450 838 probarent?
493 786 702 824 Declarant
736 787 853 836 hujus
883 787 1052 825 ambusti
1080 787 1227 825 tribuni

106 841 231 893 plebis
260 840 338 878 illae
366 840 626 878 intermortuae
650 841 861 888 conciones,
892 841 1032 892 quibus
1056 841 1226 892 quotidie

106 908 235 934 meam
253 894 463 946 potentiam
485 895 670 933 invidiose
692 895 977 941 criminabatur,
1005 908 1094 933 cum
1125 896 1227 934 dice-

106 957 177 996 ret,
199 956 388 996 senatum,
415 960 492 987 non
519 949 623 1000 quod
647 949 813 996 sentiret,
835 949 899 987 sed
925 950 1030 1000 quod
1053 963 1123 1001 ego
1147 950 1225 988 vel-

103 1003 196 1051 lem,
218 1003 426 1041 decernere.
457 1003 557 1051 Quae
587 1003 743 1055 quidem
763 1004 794 1041 si
818 1004 989 1055 potentia
1008 1012 1063 1042 est
1093 1004 1225 1055 appel-

102 1057 220 1096 landa
238 1057 379 1109 potius,
401 1070 533 1108 quam,
554 1065 709 1109 propter
726 1070 868 1109 magna
886 1058 925 1095 in
946 1059 1225 1109 rempublicam

104 1112 254 1159 merita,
286 1111 485 1150 mediocris
521 1112 562 1149 in
598 1112 708 1150 bonis
741 1112 862 1150 causis
893 1113 1109 1158 auctoritas,
1143 1119 1223 1158 aut,

103 1174 259 1217 propter
277 1165 347 1204 hos
376 1165 558 1204 officiosos
583 1166 730 1204 labores
755 1179 874 1213 meos,
903 1167 1090 1204 nonnulla
1119 1166 1224 1218 apud

103 1222 224 1259 bonos
242 1219 390 1270 gratia;
421 1221 634 1271 appelletur
659 1220 713 1258 ita
733 1233 837 1267 sane,
863 1220 1075 1258 dummodo
1095 1220 1138 1258 ea
1156 1233 1225 1258 nos

103 1281 260 1312 utamur
278 1287 349 1325 pro
368 1274 490 1312 salute
507 1276 697 1312 bonorum
716 1284 847 1313 contra
869 1276 1075 1313 amentiam
1095 1274 1225 1326 perdi-

102 1335 245 1366 torum.

159 1382 274 1420 Hanc
293 1395 380 1420 vero
406 1383 669 1433 quaestionem,
691 1383 760 1421 etsi
778 1395 854 1421 non
882 1390 936 1421 est
954 1383 1101 1434 iniqua,
1122 1394 1222 1419 nun-

102 1448 223 1488 quam
249 1443 377 1474 tamen
404 1446 555 1475 senatus
578 1437 882 1475 constituendam
905 1438 1067 1488 putavit.
1097 1436 1223 1474 Erant

103 1490 207 1528 enim
226 1491 341 1541 leges,
363 1498 470 1528 erant
488 1491 727 1542 quaestiones,
749 1491 808 1529 vel
820 1491 866 1529 de
885 1491 999 1537 caede,
1017 1491 1077 1529 vel
1091 1491 1138 1528 de
1157 1490 1220 1528 vi·

101 1556 172 1582 nec
199 1552 352 1582 tantum
385 1557 585 1583 moerorem
611 1558 654 1583 ac
683 1545 832 1583 luctum
863 1546 1010 1583 senatui
1041 1558 1143 1583 mors
1174 1545 1221 1582 P.

105 1597 232 1636 Clodii
250 1598 444 1645 afferebat,
458 1607 502 1637 ut
516 1611 615 1637 nova
630 1599 792 1650 quaestio
809 1599 1111 1637 constitueretur.
1143 1598 1225 1637 Cu-

98 1652 163 1702 jus
182 1652 285 1691 enim
305 1652 352 1693 de
369 1653 436 1691 illo
454 1654 596 1691 incesto
616 1662 761 1705 stupro,
787 1653 977 1703 judicium
997 1653 1224 1691 decernendi

104 1707 251 1744 senatui
272 1714 437 1758 potestas
463 1716 559 1746 esset
583 1716 736 1759 erepta,
726 1722 737 1731 ·
767 1708 814 1746 de
838 1709 919 1758 ejus
945 1708 1115 1753 interitu,
1137 1708 1224 1759 quis

103 1767 227 1812 potest
245 1760 406 1809 credere,
424 1769 599 1800 senatum
616 1762 806 1812 judicium
826 1775 901 1800 nov
902 1775 971 1800 um
991 1762 1225 1800 constituen-

103 1813 200 1852 dum
217 1815 405 1866 putasse?
435 1815 517 1854 Cur
539 1816 656 1868 igitur
678 1816 899 1854 incendium
925 1817 1052 1864 curiae,
1073 1829 1224 1877 oppug-

104 1868 298 1907 nationem
331 1870 472 1908 aedjum
507 1871 568 1909 Μ.
600 1870 755 1922 Lepidi,
789 1870 931 1909 caedem
954 1871 1053 1908 hanc
1082 1871 1221 1922 ipsam,

102 1930 234 1961 contra
258 1924 537 1976 rempublicam
565 1934 720 1963 senatus
747 1925 889 1964 factam
915 1938 995 1963 esse
1024 1924 1222 1963 decrevit?

102 1976 195 2037 quia
213 1977 321 2015 nulla
340 1978 396 2017 vis
414 1991 590 2030 unquam
610 1987 666 2018 est
683 1979 724 2016 in
742 1979 863 2018 libera
882 1979 1032 2017 civitate
1052 1985 1225 2030 suscepta

100 2028 200 2069 inter
218 2031 331 2079 cives,
362 2045 441 2071 non
460 2041 590 2072 contra
612 2033 902 2085 rempublicam.
932 2034 1024 2071 Non
1045 2033 1147 2071 enim
1170 2040 1226 2070 est

102 2083 172 2122 illa
188 2084 356 2124 defensio
375 2094 507 2126 contra
526 2087 606 2125 vim
625 2100 801 2149 unquam
820 2087 1013 2139 optanda;
1043 2086 1108 2125 sed
1126 2099 1226 2125 non-

102 2148 305 2190 nunquam
334 2148 390 2179 est
420 2142 653 2180 necessaria:
683 2142 757 2180 nisi
781 2155 870 2180 vero
895 2149 962 2180 aut
980 2142 1045 2180 ille
1070 2141 1224 2189 dieS,in

101 2193 265 2285 quogri.
286 2193 481 2236 Gracchus
500 2203 558 2235 est
578 2209 710 2242 caesuS,
732 2204 799 2235 aut
822 2196 888 2235 ille
908 2208 985 2247 quo
1005 2195 1138 2243 Caius,
1157 2202 1224 2232 aut

162 2248 177 2288 (
242 2252 313 2295 at.)
334 2260 363 2286 1
369 2260 526 2288 01..11.
940 2262 954 2287 1
