1509 2397
274 89 349 127 196
510 88 853 127 PHILIPPICA
880 88 918 127 Ι.
949 88 1054 127 CAP.
1090 90 1152 127 15.

270 209 348 244 sus,
368 196 429 235 vel
448 196 665 235 testimonia
682 197 809 248 potius
827 204 865 235 et
885 196 1031 246 judicia
1048 194 1183 248 populi
1200 193 1385 242 Romani,

269 249 376 287 vobis
394 263 531 301 parum
550 263 692 311 magna
707 250 963 289 videbantur?
992 250 1031 289 O
1045 251 1174 288 beatos
1188 249 1287 296 illos,
1300 247 1382 299 qui,

270 316 359 341 cum
379 304 534 342 adesse
523 305 614 356 ipsis
632 313 785 365 propter
813 305 892 342 vim
912 316 1108 342 armorum
1124 315 1202 340 non
1230 302 1382 349 licebat,

271 357 428 395 aderant
457 366 600 404 tamen,
632 367 669 396 et
698 359 736 396 in
769 357 948 396 medullis
978 358 1113 409 populi
1144 356 1315 395 Romani
1342 367 1387 393 ae

271 410 476 449 visceribus
500 412 720 450 haerebant.
752 412 826 450 nisi
850 412 946 449 sorte
969 412 1090 449 Accio
1121 418 1207 448 tum
1235 408 1383 460 plaudi,

274 472 325 513 et,
346 465 581 516 sexagesimo
607 474 692 526 post
720 478 834 526 anno,
861 465 1032 526 palmam
1057 464 1153 513 dari,
1178 462 1389 524 putabatis,

269 531 349 557 non
368 520 520 564 Brut03
551 520 618 570 qui
642 519 743 557 111(11“5
767 520 845 558 51115
873 519 927 557 ita
954 518 1088 566 caruit,
1108 529 1153 556 ut
1174 517 1216 555 in
1233 517 1301 554 illo
1319 529 1389 567 ap-

272 573 509 623 paratissimo
539 574 750 623 spectaculo
783 573 955 611 studium
985 573 1151 624 populus
1183 571 1386 609 Romanus

269 626 452 664 tribueret
471 627 630 673 absenti,
651 627 880 665 desiderium
897 626 1107 665 liberatoris
1125 624 1185 664 sui
1203 631 1386 676 perpetuo

271 681 411 731 plausu
430 688 467 717 et
485 681 647 718 clamore
665 681 809 719 leniret.

326 734 544 785 Equidem
534 747 566 772 15
585 746 687 781 sum,
703 735 771 786 qui
785 735 875 773 istos
891 734 1063 785 plausus,
1082 746 1171 771 cum
1189 746 1213 770 a
1223 731 1386 783 popula-

270 787 377 826 ribus
414 788 559 825 civibus
602 788 871 835 tribuerentur,
910 800 1059 838 semper
1095 785 1383 825 contemserim.

270 842 466 903 idemque,
493 854 582 879 cum
606 854 629 878 a
654 842 829 889 summis,
858 840 1008 888 mediis,
1027 840 1184 888 infimis,
1213 852 1303 878 cum
1321 838 1387 877 de-

272 895 389 946 nique
408 896 456 932 ab
475 895 673 943 universis,
689 896 761 933 hoc
774 895 876 933 idem
888 895 956 936 fitz
987 907 1152 945 cumque
1162 893 1204 942 11,
1217 893 1285 945 (1111
1298 899 1387 931 ante

272 949 382 1000 sequi
392 948 525 999 populi
538 961 761 987 consensum
780 950 965 996 solebant,
978 948 1158 999 fugiunt,
1182 959 1261 985 non
1274 947 1386 998 plau-

273 1015 362 1041 sum
379 1003 505 1050 illum,
529 1002 592 1040 sed
614 1002 817 1051 judicium,
837 1010 943 1053 puto.
973 1002 1042 1040 Sin
1060 1002 1142 1040 haec
1162 1001 1304 1039 leviora
1321 1013 1388 1039 vo-

275 1057 333 1095 bis
363 1056 552 1117 videntur,
572 1069 660 1107 quae
679 1064 767 1094 sunt
789 1070 930 1117 granss
914 1055 1038 1101 ima;
1067 1068 1164 1093 num
1184 1055 1298 1093 etiam
1316 1054 1390 1092 hoc

276 1110 530 1158 contemnitis,
558 1109 662 1160 quod
681 1111 860 1158 sensistis,
891 1118 970 1147 tam
990 1122 1116 1147 caram
1134 1108 1278 1160 populo
1306 1108 1389 1146 Ro-

267 1177 392 1202 rmano
411 1164 530 1202 vitam
557 1169 612 1201 A.
635 1163 755 1201 Hirtii
773 1164 919 1202 fuisse?
949 1163 1049 1201 Satis
1067 1163 1170 1201 enim
1189 1169 1281 1209 erat,
1302 1174 1390 1213 pro-

276 1220 412 1256 batum
435 1218 547 1254 illum
576 1230 654 1255 esse
681 1218 824 1278 populo
853 1218 1045 1265 Romano,
1069 1224 1114 1254 ut
1142 1223 1221 1261 est3
1239 1217 1389 1276 ‘jucun-

277 1271 373 1309 dum
391 1271 539 1331 amicis,
556 1271 596 1307 in
617 1284 694 1322 quo
716 1271 833 1309 vmcit
851 1283 1011 1316 01111105ς
1040 1282 1169 1308 carum
1190 1269 1282 1316 suis,
1303 1269 1390 1320 qui-

277 1327 350 1364 bus
382 1332 438 1363 est
466 1325 708 1363 can'ssimus·
750 1333 897 1363 tantam
930 1332 1058 1362 tamen
1097 1322 1390 1362 sollicitudinem

276 1381 480 1426 bonorum,
501 1386 652 1416 tantum
682 1379 859 1417 timorem
883 1378 1073 1425 omnium,
1093 1377 1134 1414 in
1159 1390 1237 1428 quo
1254 1376 1392 1414 memi-

276 1434 406 1471 nimus
423 1435 439 1471 Ρ
469 1441 566 1471 certe
584 1432 623 1469 in
643 1433 762 1470 nullo.
793 1432 900 1480 Quid
923 1432 1068 1483 igitur?
1095 1431 1181 1478 hoc,
1201 1443 1281 1478 vos,
1309 1433 1394 1481 (per

278 1487 384 1525 Deos
414 1487 649 1524 immortales
668 1487 698 1532 Ζ)
730 1487 843 1537 quale
873 1487 934 1533 sit,
957 1498 1033 1523 non
1056 1484 1357 1535 interpretamini
1373 1486 1391 1522 ‚⁹

279 1541 387 1588 Quid
417 1554 478 1578 eos
510 1540 558 1578 de
587 1541 709 1578 vestra
742 1541 821 1578 vita
853 1539 1016 1590 cogitare
1051 1538 1221 1585 censetis,
1255 1537 1395 1590 quibus

279 1607 426 1641 eorum,
459 1608 555 1645 quos
588 1601 740 1645 sperant
775 1593 994 1645 reipublicae
1030 1593 1281 1638 consulturos,
1319 1591 1398 1630 vita

277 1656 358 1686 tam
378 1661 463 1686 cara
481 1649 529 1686 sit
541 1651 559 1686 ‚⁹

335 1701 444 1752 Cepi,
464 1710 588 1752 patres
607 1702 821 1753 conscripti,
842 1700 1064 1739 reversionis
1080 1712 1177 1737 meae
1195 1698 1364 1737 fructum
1379 1711 1392 1744 ς

280 1756 463 1807 quoniam
494 1769 537 1793 ea
567 1756 662 1804 dixi,
689 1764 747 1803 ut,
781 1755 1025 1814 quicumque
1040 1766 1149 1791 casus
1176 1760 1398 1791 consecutus

282 1816 390 1857 esset,
412 1817 575 1846 exstaret
593 1809 812 1847 constantiae
830 1821 926 1846 meae
943 1807 1230 1852 testimonium3
1261 1814 1298 1844 et
1308 1818 1398 1844 sum

280 1877 306 1901 a
323 1863 429 1902 vobis
447 1863 612 1913 benigne
639 1876 682 1900 ac
701 1863 900 1914 diligenter
919 1861 1084 1899 auditus.
1115 1860 1216 1907 Quae
1234 1867 1398 1911 potestas

275 1917 314 1954 si
332 1916 429 1954 mihi
448 1917 583 1968 saepius
599 1917 677 1954 sine
691 1930 776 1955 meo
790 1924 989 1966 vestroque
1002 1914 1171 1966 periculo
1184 1914 1263 1961 fiet,
1279 1920 1392 1951 utar.

282 1970 315 2008 51
333 1971 475 2017 minus,
496 1978 684 2021 quantum
702 1979 846 2021 potero,
876 1981 953 2006 non
972 1976 1051 2005 tam
1066 1967 1163 2005 mihi
1181 1980 1259 2015 me,
1279 1979 1398 2018 quam

283 2023 516 2075 reipublicae,
536 2025 742 2062 reservabo.
773 2023 879 2061 Mihi
896 2023 974 2060 fere
992 2022 1081 2060 satis
1100 2029 1168 2068 051,
1182 2020 1285 2072 (111οᾱ
1300 2020 1396 2068 vixi,

283 2078 345 2115 vel
374 2078 422 2115 ad
442 2085 606 2125 aetatem,
626 2078 686 2115 vel
713 2077 762 2115 ad
790 2077 964 2128 gloriam.
994 2076 1087 2113 Huc
1111 2075 1144 2113 51
1161 2073 1255 2125 quid
1273 2086 1396 2112 00005-

284 2131 387 2179 serit,
406 2143 483 2169 non
502 2139 582 2171 tam
599 2131 711 2180 mihi,
731 2144 849 2184 quam
868 2130 975 2171 vobis
993 2128 1124 2181 reique
1141 2126 1320 2179 publicae,
1335 2139 1399 2167 ac-

280 2185 443 2227 cesserit.
