1509 2397
270 116 356 155 2925
504 114 841 155 PHILIPPICA
871 115 948 155 VI.
978 114 1081 154 CAP.
1111 115 1157 153 4:

267 222 415 274 primus
429 223 469 261 in
483 223 711 271 hoe-ordine,
732 223 859 276 quoad
877 223 1143 275 magistratum
1162 222 1288 272 iniret,
1301 227 1390 262 seri·-

268 276 427 314 tentiam
459 277 611 316 dicere?
656 277 764 325 Quid
794 278 936 329 negotii
963 277 1072 315 fuit?
1101 276 1191 324 Sed,
1229 289 1319 315 cum
1333 289 1387 325 ,se

266 330 438 368 Brutum
453 344 533 370 esse
550 332 802 380 meminisset,
819 330 1214 383 vaetraequelibertati
1230 338 1384 377 natum,

266 396 343 422 non
362 384 440 423 otio
457 398 526 423 suo
542 399 554 431 ;
584 385 679 436 quid
699 386 775 437 egit
794 386 915 433 aliud,
939 385 1013 423 nisi
1030 392 1075 422 ut
1102 397 1212 435 paene
1229 396 1385 435 corpore

266 450 336 476 suo
356 438 485 477 Gallia
503 440 721 491 prohiberet
745 439 996 478 Antonium?
1024 438 1094 476 Ad
1118 439 1222 477 hunc
1250 445 1384 476 utrum

265 491 422 543 legatos,
455 506 503 531 an
532 493 713 544 legiones,
745 494 800 531 ire
829 494 1057 544 oportebat?
1087 492 1164 531 Sed
1193 492 1386 545 praeterita

264 547 499 585 omittamus.
531 547 741 598 Properent
752 548 868 599 legati
884 560 896 592 ς
928 546 1032 598 quod
1046 546 1155 584 video
1170 559 1248 584 esse
1261 545 1386 583 factu-

264 612 350 638 ros:
381 614 447 638 vos
470 614 561 652 saga
588 608 730 652 parate.
759 601 833 639 Est
851 600 954 639 enim
972 600 1026 638 ita
1044 600 1254 648 decretum,
1273 606 1331 647 ut,
1352 599 1385 638 si

263 653 330 691 ille
348 655 561 693 auctoritati
585 657 736 692 senatus
758 666 836 693 non
855 654 1055 706 paruisset,
1077 653 1127 691 ad
1145 666 1235 704 saga
1251 653 1386 691 11111111.Δ

264 707 416 745 Ibitur:
447 720 523 746 non
538 709 687 759 parebit
702 723 713 746 :
743 720 812 747 nos
831 708 991 747 amissos
1009 715 1066 746 tot
1083 707 1162 745 dies
1180 707 1235 745 rei
1251 718 1390 758 geren-r

264 760 324 799 dae
342 775 558 812 queremur.

318 816 395 854 IV.
425 816 518 854 Non
546 824 692 865 metuo,
712 816 901 864 Quirites,
921 828 984 865 ne,
1005 828 1093 853 cum
1112 814 1279 853 audierit
1295 813 1387 868 Anq

262 869 404 918 tonius,
425 883 488 909 me
505 870 577 909 hoc
595 871 636 908 in
655 878 788 908 senatu
809 878 846 908 et
867 870 907 907 in
931 869 1108 908 concione
1126 868 1384 917 confirmasse,

261 935 464 975 nunquam
484 924 597 962 illum
616 924 792 962 futurum
811 923 851 960 in
871 926 1021 962 senatus
1039 930 1238 974 potestate,
1256 922 1383 966 (refel-

260 977 365 1015 lendi
381 977 460 1016 mei
479 978 605 1026 causa,
621 986 665 1016 ut
678 991 747 1029 ego
765 978 862 1015 nihil
876 977 1014 1016 vidisse
1027 977 1171 1024 videar)
1191 983 1312 1015 vertat
1326 989 1381 1025 se,

260 1031 408 1070 senatui
425 1040 567 1082 pareat.
598 1033 815 1084 Nunquam
828 1031 941 1069 faciet
957 1046 967 1069 :
996 1043 1074 1069 non
1089 1031 1274 1069 invidebit
1291 1030 1383 1069 huic

259 1097 358 1123 meae
375 1086 530 1136 gloriae:
560 1086 692 1134 malet,
713 1098 776 1123 me
794 1085 1003 1136 sapientem
1022 1098 1045 1122 a
1062 1084 1183 1132 vobis,
1205 1097 1322 1135 quam
1342 1098 1383 1123 se

260 1139 492 1187 modestum,
532 1140 752 1177 existimari.
783 1138 920 1186 Quid?
959 1139 1040 1190 ipse
1077 1138 1108 1177 si
1144 1138 1249 1187 velit,
1282 1150 1380 1176 num

261 1193 376 1230 etiam
397 1193 445 1231 L.
461 1194 618 1231 fratrem
630 1206 833 1244 passurum
851 1192 1080 1231 arbitramur
1095 1195 1112 1231 Ρ
1142 1193 1280 1243 Nuper
1294 1192 1383 1243 qui-

260 1246 349 1284 dem
369 1247 507 1285 dicitur
526 1248 592 1290 (ad
606 1248 747 1295 Tibur,
768 1254 812 1285 ut
829 1246 995 1297 opinor),
1011 1259 1100 1284 cum
1120 1246 1154 1284 ei
1172 1246 1300 1284 labare
1315 1245 1378 1284 M.

258 1301 456 1339 Antonius
490 1301 694 1347 videretur,
729 1308 893 1339 mortem
921 1300 1031 1338 fratri
1059 1313 1138 1338 esse
1166 1300 1384 1338 minitatus..

258 1353 441 1393 Etiamne
471 1356 519 1393 ab
542 1355 613 1394 hoc
638 1355 873 1392 mirmillone
898 1354 1070 1393 Asiatico
1092 1357 1241 1392 senatus
1268 1365 1381 1392 man-

258 1408 362 1456 data,
382 1409 596 1460 legatorum
615 1411 744 1457 verba,
765 1408 1000 1447 audientur?
1029 1420 1098 1446 nec
1117 1408 1221 1446 enim
1239 1407 1380 1447 secerni
1417 1424 1420 1425 ⁷

258 1475 282 1499 a
309 1462 425 1500 fratre
454 1463 607 1514 poterit,
631 1470 683 1500 tal
700 1463 739 1500 ta
767 1462 976 1514 praesertim
1007 1462 1239 1500 auctoritate.
1269 1462 1379 1501 Nam

256 1516 320 1554 hic
338 1516 436 1554 inter
453 1517 539 1555 illos
564 1517 773 1555 Africanus
800 1523 881 1554 est:
912 1516 1034 1568 pluris
1062 1516 1238 1563 habetur,
1258 1528 1379 1567 quam

257 1569 306 1608 L.
335 1570 564 1618 Trebellius,
591 1571 713 1621 pluris
736 1583 854 1622 quam
880 1570 930 1608 T.
959 1570 1139 1615 Plancus,
1164 1569 1379 1608 adolescens

255 1624 407 1662 nobilis.
439 1625 630 1663 Plancum
654 1625 752 1676 (qui,
773 1624 952 1662 omnibus
975 1623 1183 1671 sententiis,
1203 1623 1378 1662 maximo

257 1686 380 1716 vaetro
398 1679 550 1729 plausu,
571 1679 858 1727 condemnatus,
879 1677 1004 1716 nescio
1023 1677 1215 1728 quomodo
1235 1690 1273 1714 se
1287 1689 1379 1717 con-

251 1732 345 1781 jecit
363 1732 403 1769 in
423 1734 591 1779 turbam,
607 1740 723 1784 atque
742 1732 796 1770 ita
812 1740 969 1770 moestus
982 1732 1107 1792 rediit,
1122 1739 1166 1770 ut
1179 1739 1378 1780 retractus,

255 1797 334 1823 non
363 1799 426 1823 rev
430 1799 533 1823 ersus
560 1787 766 1833 videretur)
794 1787 846 1824 sic
868 1785 1090 1832 contemnit,
1114 1794 1314 1836 tamquam
1343 1785 1377 1823 si

254 1839 312 1877 illi
331 1852 433 1891 aqua
453 1847 489 1876 et
514 1840 595 1890 igni
613 1840 858 1878 interdictum
878 1840 953 1878 sit.
984 1839 1190 1890 aliquando
1207 1846 1322 1890 negat
1341 1838 1376 1876 ei

254 1893 384 1932 locum
404 1906 482 1932 esse
501 1901 672 1944 oportere
696 1894 737 1931 in
757 1894 875 1942 curia,
896 1893 963 1945 qui
984 1893 1192 1931 incenderit
1215 1892 1374 1930 curiam.

256 1947 365 1985 Nam
395 1947 636 1985 Trebellium
669 1947 779 1985 valde
808 1949 891 1996 jam
928 1947 1076 1998 diligit:
1107 1946 1237 1984 oderat
1273 1953 1374 2007 tum,

255 2014 345 2039 cum
374 2001 439 2039 ine
469 2001 610 2039 tabulis
640 2001 746 2039 novis
784 2002 1077 2039 adversabaturz
1105 2001 1188 2049 jam
1223 1999 1298 2037 fert
1333 2000 1374 2038 in

254 2055 386 2103 oculis,
408 2062 612 2106 postquam
626 2054 756 2106 ipsum
769 2054 1009 2093 Trebellium
1020 2054 1115 2092 vidit
1133 2054 1213 2091 sine
1231 2053 1373 2095 tabulis

252 2109 362 2147 novis
382 2109 533 2147 salvum
552 2122 631 2148 esse
656 2121 733 2146 non
752 2122 875 2160 posse.
905 2108 1074 2147 AudiSse
1093 2107 1195 2146 enim
1214 2119 1280 2145 vos
1309 2120 1371 2144 ar-

253 2162 386 2211 bitror,
421 2162 607 2211 Quirites,
629 2162 750 2214 (quod
769 2163 883 2201 etiam
907 2162 1033 2200 videre
1051 2161 1242 2213 potuistis)
1273 2173 1371 2212 quo-.-

249 2216 340 2255 tidie
365 2228 561 2269 sponsores
591 2224 629 2255 et
650 2216 848 2256 creditores
874 2216 921 2255 L.
943 2215 1128 2258 Trebellii
1153 2214 1368 2271 convenire.

1496 167 1509 226 ss-aq‘
1507 108 1509 111 .

1507 199 1509 216 A

1498 338 1503 365 Y
1497 235 1509 335 ΓΓκ-Ῑ-
