1509 2397
357 98 473 137 PRO
503 98 752 138 MILONE.
784 100 890 139 CAP.
922 100 986 137 33.
1162 101 1236 139 119

119 207 338 253 subeamus,
358 206 390 244 si
409 206 464 244 ita
487 218 635 245 necesse
660 213 730 255 est,
756 219 835 244 non
861 206 1050 246 debitas.''
1078 207 1240 246 Hiccine

119 260 190 307 vir,
210 259 343 311 patriae
361 267 488 308 natus,
509 272 689 311 usquam,
709 259 783 298 nisi
800 260 841 298 in
859 261 998 311 patria,
1017 262 1201 300 morietur
1218 264 1237 300 Ρ

119 320 202 361 aut,
233 314 266 351 si
287 312 397 361 forte,
431 326 502 365 pro
530 313 685 365 patria?
715 314 850 364 Hujus
872 327 938 352 vos
969 314 1089 352 animi
1112 315 1238 353 moni-

117 374 249 406 menta
264 367 502 413 retinebitis;
532 368 697 419 corporis
715 368 757 406 in
782 368 899 406 Italia
927 369 1082 406 nullum
1113 370 1240 420 sepul-

118 434 228 460 crum
246 434 325 460 esse
342 421 543 473 patiemini
559 424 577 460 ?
608 422 728 460 Hunc
742 422 813 460 sua
830 422 1035 473 quisquam
1055 423 1243 461 sententia

119 475 259 514 exhac
277 477 372 514 urbe
402 475 579 527 expellet,
600 488 717 527 quem
736 488 868 514 omnes
885 478 1013 523 urbes,
1034 478 1241 527 expukum

119 542 144 567 a
161 529 282 578 vobis,
303 529 352 567 ad
371 543 410 568 se
438 531 630 569 vocabunt
645 532 663 568 ἓ
693 530 732 569 Ο
763 536 904 568 terram
933 530 1042 568 illam
1071 532 1238 577 beatam,

119 596 208 634 quae
224 583 330 622 hunc
347 583 474 622 virum
493 584 682 635 exceperit
704 584 714 622 !
745 584 844 623 hanc
854 584 1060 635 ingratam,
1074 584 1105 622 si
1124 585 1241 634 ejece-

120 637 171 675 rit
189 637 200 674 !
243 635 435 682 miseram,
471 637 504 675 si
533 638 725 676 amiserit!
757 638 834 677 Sed
870 638 957 676 finis
994 639 1053 677 sit.
1098 639 1240 690 Neque

121 690 240 737 enim,
259 705 339 743 prae
357 691 550 743 lacrymis,
566 692 649 742 jam
663 692 771 744 loqui
789 705 972 744 possum;
995 701 1031 731 et
1045 692 1108 730 hic
1127 693 1239 731 sela-

122 745 262 796 crymis
280 745 433 784 defendi
458 753 570 784 vetat.
601 746 684 784 Vos
700 759 779 793 oro,
801 748 1056 798 obtestorque,
1075 746 1237 796 judices,

122 805 181 846 ut,
201 799 241 836 in
261 799 455 838 sententiis
473 800 652 848 ferendis,
669 800 774 852 quod
793 800 975 848 sentietis,
996 800 1037 838 id
1055 800 1238 839 audeatis.

124 852 305 891 Vestram
334 853 530 901 virtutem,
553 854 758 904 justitiam,
790 854 919 903 fidem,
946 854 1059 898 (mihi
1085 854 1241 900 credite)

122 906 155 945 is
173 908 343 946 maxime
361 908 551 959 probabit,
565 909 647 960 qui,
668 908 708 946 in
723 908 918 958 judicibus
935 908 1120 960 legendis,
1141 908 1241 959 opti-

117 973 236 1052 lmum
269 969 307 1001 et
335 961 660 1015 sapientissimum
696 970 734 1002 et
762 963 1013 1002 fortissimum
1050 975 1244 1014 quemque

134 1022 222 1066 eglt.
