1509 2397
546 483 615 530 IN
657 482 729 528 M.
773 479 1142 529 ANTONIUM

627 604 854 654 Philiffzca
882 603 1062 641 Decima.

342 713 373 750 1.
404 712 635 749 MAxniAs
655 710 740 759 tibi,
772 711 915 757 Pansa,
941 708 1082 760 gratias
1111 719 1246 750 omnffl
1272 714 1311 746 et
1337 706 1408 745 ha-

285 767 374 804 bere
393 775 430 804 et
448 779 559 816 agere
574 765 782 810 debemus;
804 763 886 816 qui,
908 766 1014 807 (cum
1027 761 1211 801 hodierno
1224 761 1287 800 die
1300 773 1409 800 sena-

287 828 372 858 tum
391 828 429 858 te
450 820 674 857 habiturum
693 831 771 857 non
790 818 1079 865 arbitraremur)
1107 823 1154 854 ut
1182 815 1246 854 M.
1275 814 1407 862 Bruti,

282 873 589 925 praestantissimi
614 873 718 919 civis,
750 872 879 910 literas
908 870 1099 922 accepisti,
1129 882 1178 908 ne
1204 869 1410 908 minimam

284 928 442 979 quidem
470 940 621 965 moram
650 925 925 978 interposuisti,
959 925 1055 977 quin
1088 936 1208 976 quam
1235 923 1409 976 primum

284 982 457 1020 maximo
476 981 617 1032 gaudio
636 989 673 1019 et
686 980 941 1032 gratulatione
954 979 1183 1017 frueremur.
1214 977 1317 1016 Cum
1331 976 1411 1015 fac-

283 1044 369 1073 tum
388 1043 502 1073 tuum
520 1042 673 1086 gratum
692 1035 872 1073 omnibus
887 1033 1000 1071 debet
1014 1045 1108 1080 esse,
1122 1040 1208 1070 tum
1221 1045 1311 1070 vero
1324 1044 1409 1069 ora-

285 1090 352 1137 tio,
375 1090 467 1141 qua,
487 1089 651 1131 recitatis
671 1089 804 1135 literis,
837 1100 930 1130 usus
961 1100 1013 1125 es.
1052 1085 1269 1125 Declarasn'
1288 1084 1407 1133 enim,

284 1157 419 1182 verum
439 1156 518 1182 esse
536 1143 590 1191 id,
612 1143 716 1194 quod
741 1155 811 1193 ego
831 1154 980 1192 semper
1005 1140 1118 1187 sensi,
1138 1139 1333 1178 neminem
1352 1139 1410 1178 al-

286 1197 416 1245 terius,
445 1197 513 1248 qui
545 1210 624 1235 suae
650 1196 868 1243 confideret,
897 1195 1031 1235 virtuti
1060 1193 1240 1232 invidere.
1270 1194 1410 1245 Itaque

287 1251 397 1297 mihi,
418 1251 486 1302 qui
504 1251 680 1302 plurimis
705 1249 837 1288 officiis
857 1262 944 1287 sum
972 1261 1060 1287 cum
1080 1248 1222 1294 Bruto,
1243 1256 1280 1289 et
1296 1260 1411 1286 max-

285 1305 366 1343 ima
384 1305 641 1343 familiaritate
660 1305 900 1353 conjunctus,
916 1303 1046 1341 minus
1064 1301 1191 1340 multa
1204 1300 1252 1340 de
1269 1302 1337 1340 illo
1351 1301 1410 1340 di-

285 1359 403 1397 cenda
421 1367 522 1397 sunt.
553 1358 663 1406 Quas
683 1358 786 1396 enim
810 1357 908 1399 mihi
932 1356 1014 1409 ipse
1037 1363 1163 1409 partas
1182 1368 1407 1403 sumseram,

286 1426 347 1451 eas
365 1413 546 1464 praeeepit
563 1412 683 1451 oratio
699 1421 777 1450 tua.

340 1467 417 1506 Sed
446 1467 558 1516 mihi,
591 1475 718 1518 patres
751 1465 966 1517 conscripti,
991 1464 1253 1504 necessitatem
1280 1463 1411 1502 attulit

284 1522 401 1572 paulo
419 1521 533 1572 plura
564 1520 715 1561 dicendi
744 1520 930 1559 sententia
958 1520 1054 1569 eJus,
1086 1518 1155 1571 qui
1177 1525 1333 1570 rogatus
1352 1526 1408 1557 ωε

285 1584 374 1613 ante
391 1588 478 1614 me:
510 1589 534 1613 a
552 1587 629 1626 quo
646 1575 701 1616 ita
719 1588 819 1625 saepe
833 1574 1026 1621 dissentio,
1039 1580 1084 1611 ut
1098 1574 1182 1623 jam
1201 1585 1345 1621 verear,
1359 1585 1409 1611 ne

286 1628 358 1676 (id,
379 1628 483 1681 quod
501 1629 662 1668 minime
673 1628 756 1667 fieri
769 1628 898 1676 debet)
917 1627 1090 1670 minuere
1101 1626 1308 1666 amicitiam
1321 1638 1409 1665 nos-

284 1692 386 1720 tram
405 1683 578 1721 videatur
596 1690 781 1734 perpetua
799 1682 993 1723 dissensio.

337 1736 439 1784 Quae
459 1744 514 1774 est
533 1737 638 1774 enim
655 1736 729 1775 ista
747 1743 814 1774 tua
832 1736 943 1782 ratio,
966 1735 1108 1774 Calene
1119 1737 1138 1774 t>
1168 1748 1256 1786 quae
1270 1737 1408 1774 mens?

282 1791 352 1842 qui
370 1803 586 1842 nunquam,
607 1798 693 1842 post
711 1789 900 1829 Calendas
918 1790 948 1829 J
950 1788 1140 1838 anuarias,
1161 1787 1263 1827 idem
1285 1801 1410 1830 sense-

283 1845 349 1891 ris,
370 1844 474 1896 quod
492 1845 524 1882 is
544 1844 611 1895 qui
638 1852 674 1882 te
704 1844 931 1882 sententiam
961 1844 1133 1895 primum
1159 1843 1297 1894 rogat?
1318 1843 1410 1882 -Cur

283 1911 487 1949 nunquam
507 1905 587 1935 tam
605 1898 784 1949 frequens
804 1906 957 1936 senatus
975 1898 1063 1945 fuit,
1084 1905 1128 1935 ut
1147 1910 1250 1935 unus
1269 1897 1408 1948 aliquis

284 1961 400 1991 tuam·
415 1951 640 1990 sententiam
660 1960 812 1990 secutus
837 1952 912 1990 sit?
942 1965 1009 1990 cur
1034 1964 1183 2003 semper
1213 1951 1271 1988 tui
1296 1951 1410 1989 dissi-

282 2006 394 2044 miles
414 2005 586 2044 defendis
598 2007 616 2043 ?
645 2019 725 2054 car,
746 2019 836 2045 cum
855 2015 892 2044 te
906 2013 944 2045 et
961 2005 1040 2044 vita
1055 2014 1093 2043 et
1105 2005 1259 2043 fortuna
1278 2013 1346 2043 tua
1357 2005 1407 2044 ad

283 2060 409 2098 otium
428 2069 465 2098 et
484 2059 533 2098 ad
552 2060 778 2111 dignitatem
796 2060 944 2107 invitet,
965 2072 1010 2098 ea
1027 2061 1181 2111 probas,
1209 2071 1255 2097 ea
1281 2059 1412 2097 decer-

284 2114 358 2161 nis,
379 2127 424 2152 ea
443 2113 572 2161 sentis,
592 2127 680 2167 quae
706 2122 798 2153 sunt
821 2114 977 2158 inimica
995 2120 1033 2153 et
1051 2113 1128 2153 otio
1147 2113 1346 2155 communi
1373 2121 1411 2156 et

287 2167 464 2219 dignitati
484 2174 560 2206 tuae
573 2170 591 2206 ,³
