1509 2397
294 122 373 159 352
520 121 859 162 PHILIPPICA
888 123 966 163 XI.
996 123 1101 164 CAP.
1134 125 1196 163 13.

292 242 457 281 cumque
477 238 630 270 senatus
648 232 695 269 P.
715 231 961 271 Dolabellam
979 233 1080 271 bello
1097 233 1405 286 persequendum

292 283 492 331 censuerit,
518 292 562 322 ut
586 285 633 333 is,
661 286 728 336 qui
758 287 887 324 omnia
917 286 1092 325 Deorum
1128 287 1409 338 hominumque

288 338 391 385 jura,
423 350 536 387 novo,
569 338 756 387 inaudito,
784 340 1007 391 inexpiabili
1031 341 1181 388 scelere,
1213 341 1408 393 polluerit,

292 391 513 443 nefarioque
539 393 672 443 patriae
701 407 740 432 se
764 394 965 444 parricidio
994 394 1254 443 obstrinxerit,
1273 407 1406 446 poenas

291 444 379 483 Diis
412 446 709 498 hominibusque
744 448 898 486 meritas
935 448 1157 500 debitasque
1192 448 1408 500 persolvat;

290 500 439 537 senatui
463 501 623 551 placere,
660 501 704 539 C.
727 501 917 549 Cassium,
944 503 1224 552 proconsulem,
1255 502 1411 554 provin-

285 552 390 591 ciam
411 554 561 605 Syriam
587 555 770 601 obtinere,
791 556 849 593 uti
869 555 936 607 qui
955 569 1040 594 eam
1059 557 1204 607 optimo
1220 557 1306 605 jure
1323 569 1412 607 pro-

291 607 456 645 vinciam
489 608 718 653 obtinuerit;
751 622 916 661 eumque
946 623 968 647 a
998 609 1050 657 Q.
1082 610 1233 648 Marcio
1258 609 1410 660 Crispo,

291 661 529 711 proconsule,
551 662 598 699 L.
621 663 740 700 Statio
754 663 908 710 Murco,
924 664 1162 715 proconsule,
1182 664 1236 701 A.
1252 664 1411 702 Allieno

290 714 429 765 legato,
452 716 637 754 exercitus
656 717 848 768 accipere,
879 730 1017 769 eosque
1042 717 1078 756 ei
1103 717 1274 756 tradere:
1303 730 1412 755 cum-

292 782 367 819 que
386 769 446 806 his
461 770 591 820 copiis,
612 778 648 807 et
668 771 698 808 si
717 784 812 822 quas
830 779 1011 823 praeterea
1028 772 1230 822 paraverit,
1251 772 1351 809 bello
1364 772 1412 809 P.

293 823 540 861 Dolabellam
560 825 658 862 terra
677 825 851 876 marique
880 825 1080 877 persequi:
1114 827 1195 875 ejus
1223 825 1316 864 belli
1346 838 1413 875 ge-

293 877 401 914 rendi
419 878 545 924 causa,
561 879 699 929 quibus
720 879 753 916 ei
772 879 957 926 videatur,
973 893 1102 926 naves,
1123 887 1275 927 nautas,
1295 891 1412 931 pecu-

293 931 413 977 niam,
435 940 583 978 caeteta,
605 946 692 983 quae
711 933 759 970 ad
783 933 823 970 id
842 934 989 971 bellum
1011 933 1221 984 gerendum
1246 933 1413 985 pertine·-

292 993 372 1032 ant,
394 993 438 1022 ut
463 986 677 1037 imperandi
695 987 735 1024 in
762 987 887 1038 Syria,
912 988 1024 1034 Asia,
1045 987 1248 1039 Bithynia,
1270 988 1411 1035 Ponto,

291 1040 357 1088 jus
375 1047 677 1091 potffitatemque
706 1040 867 1079 habeat:
905 1049 1037 1092 utque,
1067 1054 1353 1093 quamcumque
1371 1040 1413 1078 in

292 1093 542 1144 provinciam,
564 1095 645 1143 ejus
672 1095 764 1132 belli
793 1095 947 1145 gerendi
969 1096 1096 1143 causa,
1126 1095 1334 1140 advenerit,
1358 1094 1413 1132 ibi

294 1148 370 1196 maj
376 1160 420 1184 us
432 1147 638 1198 imperium
651 1148 696 1186 C.
710 1149 845 1196 Cassii,
859 1149 1108 1200 proconsulis,
1122 1149 1183 1196 sit,
1196 1162 1315 1200 quam
1327 1150 1360 1198 ej
1367 1162 1412 1186 us

295 1200 379 1247 erit,
402 1201 470 1252 qui
489 1215 574 1239 eam
593 1202 825 1252 provinciam
847 1210 931 1240 tum
944 1203 1142 1251 obtinebit,
1159 1216 1249 1241 cum
1262 1203 1306 1241 C.
1321 1203 1414 1241 Cas-

295 1254 386 1300 sius,
416 1256 633 1306 proconsul,
660 1255 701 1293 in
730 1269 814 1294 eam
833 1257 1068 1307 provinciam
1086 1257 1254 1295 venerit:
1284 1269 1415 1307 regem

295 1308 523 1347 Deiotarum
543 1318 705 1361 patrem,
720 1318 756 1348 et
774 1324 903 1361 regem
916 1310 1143 1348 Deiotarum
1155 1310 1294 1357 filium,
1313 1310 1358 1358 si,
1372 1317 1416 1348 ut

293 1363 426 1400 multis
447 1363 556 1402 bellis
576 1377 835 1415 saepenumero
853 1365 1061 1416 imperium
1083 1365 1221 1416 populi
1245 1364 1413 1403 Romani

291 1417 474 1466 juverint,
495 1418 586 1455 item
616 1419 661 1456 C.
689 1418 866 1457 Cassium
893 1419 1159 1470 proconsulem
1191 1418 1308 1470 copiis
1337 1418 1416 1456 suis

292 1471 506 1523 opibusque
543 1472 744 1522 juvissent,
791 1473 940 1510 senatui
976 1473 1197 1524 populoque
1235 1473 1415 1511 Romano

295 1532 450 1576 gratum
467 1539 545 1564 esse
564 1526 728 1564 facturos
743 1541 752 1564 ε
774 1526 944 1578 itemque
963 1527 994 1565 si
1013 1527 1136 1565 caeteri
1149 1540 1269 1578 reges,
1284 1533 1419 1565 tetrar-

296 1579 391 1626 chae,
405 1580 652 1632 dynastaeque
663 1580 851 1628 fecissent,
873 1588 1047 1619 senatum
1058 1581 1325 1633 populumque
1336 1581 1419 1619 Ro-

293 1645 455 1671 manum
472 1647 605 1672 eorum
623 1634 736 1672 officii
749 1647 825 1673 non
838 1635 1104 1674 immemorem
1117 1635 1294 1673 futurum
1309 1648 1319 1672 :
1339 1634 1417 1672 uti-

295 1700 372 1739 que
391 1687 436 1726 C.
459 1689 599 1735 Pansa,
619 1689 673 1726 A.
692 1688 859 1733 Hirtius,
879 1690 1064 1735 consules,
1085 1689 1180 1727 alter
1193 1690 1368 1736 ambove,
1385 1688 1416 1726 si

294 1742 349 1779 eis
368 1741 571 1789 videbitur,
592 1743 788 1794 republica
801 1744 1035 1796 recuperata,
1057 1743 1104 1781 de
1113 1743 1316 1794 provinciis
1327 1754 1417 1780 con-

295 1796 497 1843 sularibus,
518 1797 716 1847 praetoriis,
737 1797 786 1835 ad
804 1798 907 1836 hunc
930 1797 1101 1836 ordinem
1119 1797 1244 1848 primo
1263 1809 1418 1848 quoque

297 1857 468 1901 tempore
482 1849 645 1888 referant
661 1865 671 1888 t
702 1851 844 1890 interea
861 1851 1064 1903 provinciae
1083 1852 1130 1888 ab
1149 1851 1209 1898 iis,
1234 1864 1258 1889 a
1275 1850 1417 1902 quibus

296 1904 530 1950 obtinentur,
557 1905 813 1950 obtineantur,
846 1905 974 1958 quoad
1005 1905 1142 1957 cuique
1174 1917 1223 1943 ex
1251 1907 1418 1943 senatos-

300 1959 474 1996 consulto
494 1971 707 1997 successum
727 1959 816 1997 sit.''

352 2012 479 2050 XIII.
511 2012 599 2050 Hoc
618 2014 973 2060 senatos-consulto,
991 2013 1187 2051 ardentem
1199 2013 1418 2051 inflamma-

299 2065 403 2110 bitis,
424 2073 461 2104 et
475 2074 667 2104 armatum
682 2069 877 2106 armabitis
896 2067 1085 2106 Cassium.
1116 2067 1200 2106 Nec
1219 2068 1322 2105 enim
1336 2066 1420 2105 ani-

297 2132 408 2157 mum
428 2122 510 2169 ejus
535 2121 690 2171 potestis
709 2121 896 2172 ignorare,
927 2135 996 2159 nec
1021 2121 1158 2173 copias.
1200 2121 1369 2159 Animus
1386 2121 1419 2159 is

297 2182 367 2220 est,
406 2187 523 2225 quem
553 2175 712 2219 videtin
754 2177 885 2227 copiae,
917 2189 1012 2227 quas
1044 2175 1219 2221 audistis,
1249 2175 1358 2213 fortis
1382 2181 1420 2213 et

297 2228 507 2267 constantis
520 2229 605 2278 viri,
622 2229 704 2281 qui,
724 2242 774 2268 ne
791 2230 877 2269 vivo
892 2230 1050 2282 quidem
1068 2229 1276 2279 Trebonio,
1297 2229 1422 2268 Dola·
