1509 2397
273 101 369 145 322,
508 98 844 140 PHILIPPICA
874 98 952 139 IX.
983 99 1088 140 CAP.
1119 102 1159 140 4.

274 208 409 260 gatio?
438 210 578 248 Secum
605 209 708 247 enim
730 209 796 247 ille
824 216 988 247 mortem
1011 208 1174 254 extulit3
1204 222 1338 260 quam,
1362 210 1395 248 si

275 261 475 300 nobiscum
504 263 757 310 remansisset,
777 263 847 301 sua
865 262 970 311 cura,
995 262 1133 314 optimi
1150 261 1234 313 6111,
1253 263 1396 302 fidelis-

277 316 384 355 simae
413 316 586 368 conjugis
616 316 828 368 diligentia,
858 317 979 355 vitare
1006 316 1202 368 potuisset.
1231 316 1292 356 At
1312 317 1394 366 1118,

264 383 364 410 cum
383 370 539 419 videret,
560 371 592 409 si
609 379 741 410 vestrae
752 371 966 410 auctoritati
977 383 1055 409 non
1068 369 1268 422 paruisset,
1283 371 1396 410 dissi-

273 424 408 463 milem
423 437 461 463 se
471 424 649 464 futurum
663 425 722 464 sui
734 439 747 471 ;
778 425 808 463 si
821 425 1022 477 paruisset,
1034 437 1180 463 munus
1193 425 1268 464 sibi
1278 425 1392 473 illud,

273 491 346 530 pro
360 479 555 530 republica
575 487 808 531 susceptum,
824 479 912 517 vitae
923 479 1040 517 finem
1054 478 1263 517 allaturum
1279 493 1292 526 ;
1312 493 1397 518 ma-

277 532 352 571 luit
365 532 407 570 in
419 533 590 571 maximo
602 533 820 585 reipublicae
833 532 1052 571 discrimine
1066 532 1178 579 mori,
1191 546 1310 584 quam
1321 533 1398 571 mi-

274 598 363 633 nus,
377 600 496 637 quam
507 587 703 638 potuisset,
712 586 831 625 videri
844 586 1062 637 reipublicae
1072 586 1269 638 profuisse.
1283 587 1398 626 Mul-

275 641 324 679 tis
351 641 409 678 illi
438 640 479 678 in
504 642 677 688 urbibus,
698 642 776 692 qua
798 641 870 679 iter
890 640 1065 686 faciebat,
1091 641 1284 680 reficiendi
1302 655 1342 680 se
1360 648 1399 680 et

275 694 434 733 curandi
462 702 628 746 potestas
650 695 748 733 fuit:
779 695 908 733 aderat
933 704 970 733 et
1000 694 1197 746 hospitum
1221 694 1398 734 invitatio

273 749 439 787 liberalis
456 762 526 800 pro
545 748 729 800 dignitate
747 748 892 788 summi
910 749 994 796 viri,
1009 756 1047 787 et
1064 761 1197 787 eorum
1214 748 1395 798 hortatio,

274 802 342 854 qui
361 815 441 841 una
463 810 570 841 erant
587 802 708 850 missi,
733 803 783 842 ad
801 802 1132 855 requiescendum,
1152 811 1190 841 et
1207 803 1297 842 vitae
1314 817 1394 843 suae

273 857 562 895 consulendum.
592 857 652 895 At
682 857 763 906 ille,
794 869 1015 919 properans,
1049 856 1257 924 festinans,
1282 870 1403 896 111311-

272 910 363 949 data
380 918 510 949 nostra
529 911 709 950 conficere
723 912 894 963 cupiens,
910 911 951 949 in
962 911 1035 950 hac
1053 911 1279 958 constantia,
1292 924 1399 950 mor-

274 966 324 1003 bo
360 965 597 1013 adversante,
630 966 897 1017 perseveravit·
940 964 1063 1015 Cujus
1099 978 1190 1004 cum
1226 965 1404 1005 adventu.
1418 1015 1420 1017 Ι

272 1019 444 1057 maxime
468 1021 711 1071 perturbatus
736 1028 831 1058 esset
854 1019 1066 1067 Antonius,
1093 1019 1197 1071 quod
1222 1032 1280 1068 ca,
1308 1033 1398 1072 quae

271 1072 344 1111 sibi
358 1074 469 1122 jussu
493 1081 617 1112 vestro
638 1073 967 1121 denuntiarentur,
988 1073 1210 1112 auctoritate
1229 1082 1336 1112 erant
1356 1081 1402 1119 ets

273 1127 461 1165 sententia
485 1128 566 1166 Ser.
587 1127 748 1179 Sulpicii
775 1127 1006 1174 constituta3
1036 1127 1252 1176 declaravit,
1272 1141 1394 1180 quam

272 1180 412 1219 odisset
437 1189 626 1226 senatum,
651 1194 742 1219 cum
768 1189 963 1221 auctorem
985 1183 1136 1220 senatus
1161 1182 1393 1222 exstinctum

271 1234 358 1273 laete
376 1242 491 1286 atque
518 1236 721 1274 insolenter
741 1236 842 1274 tulit.
872 1236 966 1274 Non
984 1235 1103 1286 igitur
1130 1235 1255 1287 magis
1275 1235 1395 1275 Octa-

273 1288 382 1327 vium
413 1289 608 1350 Leptines,
637 1302 707 1328 nec
729 1289 954 1329 Veientium
975 1302 1043 1328 rex
1068 1302 1132 1328 eos
1156 1302 1253 1342 quos
1277 1289 1395 1330 modo

270 1343 482 1404 nominavi,
514 1357 632 1395 quam
663 1345 743 1382 Ser.
775 1344 993 1395 Sulpicium
1017 1343 1154 1383 occidit
1181 1344 1391 1383 Antonius.

273 1396 316 1435 Is
346 1397 450 1436 enim
474 1398 641 1448 profecto
664 1405 828 1436 mortem
856 1398 1000 1447 attulit,
1026 1397 1094 1450 qui
1119 1411 1234 1436 causa
1259 1398 1395 1437 mortis

270 1450 356 1489 fuit.
387 1451 590 1501 Quocirca,
611 1451 660 1490 ad
677 1452 910 1504 posteritatis
930 1452 1046 1490 etiam
1063 1451 1291 1490 memoriam
1307 1465 1375 1504 per

268 1504 389 1544 tinere
422 1505 596 1553 arbitror,
631 1514 792 1554 exstare,
826 1505 931 1557 quod
966 1505 1082 1544 fuerit
1111 1506 1160 1544 de
1190 1505 1263 1545 hoc
1291 1506 1394 1546 bello

265 1559 460 1609 judicium
489 1562 651 1598 senatos.
679 1560 769 1599 Erit
797 1560 899 1599 enim
919 1567 1045 1598 statua
1062 1559 1147 1611 ipsa
1173 1560 1292 1609 testis,
1311 1560 1396 1599 bel.

269 1612 355 1652 lum
373 1621 454 1652 tam
471 1627 585 1665 grave
604 1613 734 1661 fuisse,
755 1622 800 1653 ut
818 1614 935 1665 legati
949 1613 1125 1653 interitus
1139 1614 1293 1653 honoris
1310 1626 1404 1654 me-

268 1679 431 1706 monam
450 1676 672 1706 consecutus
692 1676 754 1707 Slt.

323 1721 400 1760 IV.
430 1722 548 1770 Quod
578 1722 609 1760 si
639 1722 921 1761 excusationem
950 1722 1033 1761 Ser.
1061 1721 1235 1774 Sulpicii,
1262 1728 1390 1774 patres

267 1775 484 1826 conscripti,
514 1776 713 1826 legationis
742 1776 928 1815 obeundae
960 1776 1146 1815 recordari
1176 1775 1386 1824 volueritis,

268 1829 378 1868 nulla
417 1829 604 1868 dubitatio
639 1830 890 1882 relinquetur,
931 1830 1026 1882 quin
1054 1830 1198 1869 honore
1230 1831 1389 1878 mortui,

268 1896 384 1934 quam
403 1883 489 1922 vivo
513 1883 695 1945 injuriam
717 1884 892 1931 fecimus,
918 1884 1138 1923 sarciamus.
1167 1883 1250 1922 Vos
1269 1884 1388 1933 enim,

267 1944 392 1989 patres
411 1938 627 1989 conscripti,
648 1941 779 1989 (grave
801 1937 904 1976 dictu
924 1945 993 1985 est,
1020 1938 1087 1976 sed
1105 1937 1312 1976 dicendum
1329 1945 1390 1976 ta-

268 1998 375 2038 men)
405 2004 484 2039 vos,
515 1990 690 2043 inquam,
714 1993 797 2030 Ser.
826 1992 1042 2043 Sulpicium
1072 1991 1152 2030 vita
1179 1991 1383 2043 privastis.

267 2057 383 2096 quem
413 2058 503 2084 cum
522 2045 697 2084 videretis
726 2059 766 2084 re
794 2046 918 2097 magis
947 2047 1142 2093 morbum,
1163 2058 1281 2097 quam
1301 2058 1387 2084 ora-

265 2099 381 2147 tione,
402 2107 662 2161 excusantem,
682 2112 759 2138 non
785 2113 851 2138 vos
869 2099 1025 2151 quidem
1049 2100 1219 2139 crudeles
1239 2099 1380 2148 fuistis,

261 2153 373 2204 (quid
399 2153 500 2192 enim
527 2154 655 2193 minus
673 2154 714 2192 in
732 2154 836 2193 hunc
854 2153 1027 2193 ordinem
1046 2153 1221 2192 convenit
1233 2155 1270 2201 ?)
1297 2153 1378 2200 sed,

256 2218 345 2249 cum
364 2207 562 2259 speraretis
578 2207 675 2247 nihil
695 2221 788 2257 esse,
808 2207 912 2261 quod
931 2220 1008 2248 11011
1027 2207 1130 2247 illius
1152 2205 1379 2248 auctoritate
