1509 2397
312 68 655 112 PHILIPPICA
685 69 768 110 III.
800 70 906 110 CAP.
931 72 994 110 12.
1145 72 1225 111 253

96 175 193 230 quid
211 179 350 219 faceret
367 180 571 232 insequens
582 180 600 216 Ρ
629 179 787 218 Etenim
806 179 846 217 in
862 180 1042 219 concione
1060 179 1226 230 dixerat,

94 245 135 271 se
153 234 347 273 custodem
358 234 536 273 futurum
547 234 665 273 Urbis
679 248 692 279 ς
712 247 834 285 usque
846 233 896 272 ad
911 233 1100 273 calendas
1116 234 1223 273 Mai-

93 299 136 325 as
155 288 204 326 ad
231 289 380 327 Urbem
409 289 620 327 exercitum
644 288 882 326 habiturum.
931 288 968 327 O
993 289 1222 339 praeclarum

95 342 290 380 custodem
310 343 442 381 ovium
463 347 524 386 (ut
543 343 668 389 aiunt)
681 343 821 393 lupum
838 342 847 379 1
882 341 1071 380 Custosne
1088 343 1220 390 Urbis,

94 407 143 432 an
163 395 330 448 direptor
342 405 379 436 et
391 404 561 445 vexator,
576 404 672 435 esset
684 396 882 434 Antonius
899 399 916 434 ἓ
944 395 999 434 Et
1014 396 1169 447 quidem
1183 410 1223 435 se

94 448 341 489 introiturum
362 452 401 489 in
422 452 585 498 Urbem,
599 451 711 497 dixit,
733 450 1021 501 exiturumque,
1043 463 1131 488 cum
1143 450 1223 488 vel-

93 503 159 542 let.
196 504 306 552 Quid
335 505 433 544 illud
447 508 466 544 ?
505 506 662 552 Nonne,
693 505 872 543 audiente
900 505 1059 555 populo,
1090 504 1223 543 sedens

91 569 162 608 pro
194 559 275 598 aede
300 559 483 609 Castoris,
514 559 626 607 dixit,
655 559 729 598 nisi
758 559 827 611 qui
848 558 1010 607 vicisset,
1032 558 1225 597 victurum

94 613 294 652 neminem
309 617 327 653 ἓ

112 680 113 683 ’
147 667 348 708 Hodierno
366 668 428 707 die
446 669 634 720 primum,
655 675 781 720 patres
796 666 1016 719 conscripti,
1029 666 1145 719 longo
1162 667 1224 706 in-

94 722 267 772 tervallo,
288 723 328 760 in
347 723 622 774 possessionem
649 723 834 761 libertatis
852 722 990 774 pedem
1009 723 1191 774 ponimus
1207 736 1221 769 ;

94 775 204 824 cujus
224 777 382 828 quidem
401 788 485 828 ego,
510 777 639 829 quoad
657 777 781 828 potui,
801 789 879 814 non
898 776 1014 814 modo
1032 776 1222 825 defensor,

94 829 161 867 sed
180 830 296 869 etiam
315 839 567 879 conservator,
583 831 653 868 fui.
683 830 786 869 Cum
807 837 936 868 autem
951 831 992 868 id
1004 829 1126 869 facere
1145 843 1225 869 non

93 896 260 934 possem,
281 884 434 937 quievi:
464 897 534 923 nec
562 886 721 935 abjecte,
742 897 811 922 nec
836 885 918 922 sine
941 884 1072 935 aliqua
1098 884 1225 935 digni-

94 944 187 987 tate,
208 951 340 977 casum
358 939 472 977 illum
492 947 711 991 temporum
731 946 768 976 et
793 938 964 977 dolorem
984 938 1069 976 tuli.
1108 939 1226 979 Hanc

93 1003 183 1031 vero
202 993 437 1032 teterrimam
455 994 628 1032 belluam
651 993 738 1044 quis
756 992 854 1031 ferre
872 1000 1013 1044 posset,
1034 1000 1103 1031 aut
1127 1006 1226 1046 quo-

93 1047 242 1086 modo?
271 1047 382 1096 Quid
400 1054 456 1086 est
473 1047 513 1085 in
525 1047 700 1086 Antonio
714 1055 851 1099 praeter
861 1046 1077 1095 libidinem,
1091 1048 1227 1086 crude-

95 1100 260 1150 litatem,
279 1102 550 1154 petulantiam,
577 1101 810 1140 audaciam?
848 1101 914 1139 Ex
932 1101 993 1139 his
1013 1108 1116 1140 totus
1135 1114 1226 1140 cona

94 1155 310 1206 glutinatus
328 1164 394 1195 est.
434 1156 548 1194 Nihil
567 1163 726 1208 apparet
753 1155 794 1193 in
812 1168 857 1194 eo
876 1155 1106 1206 ingenuum,
1126 1156 1229 1195 nihil

95 1210 353 1287 moderatum,
373 1210 472 1249 nihil
489 1210 652 1262 pudens,
672 1210 771 1248 nihil
789 1209 990 1261 pudicum.

153 1264 415 1317 Quapropter,
436 1265 620 1316 quoniam
640 1277 698 1303 res
716 1263 757 1302 in
775 1264 816 1302 id
835 1263 1039 1302 discrimen
1059 1263 1228 1303 adducta

96 1330 166 1366 est,
186 1326 320 1357 utrum
337 1319 403 1358 ille
421 1331 551 1370 poenas
573 1318 793 1370 reipublicae
811 1318 908 1365 luat,
929 1330 979 1356 an
998 1330 1067 1356 nos
1086 1319 1228 1357 servia-

95 1385 214 1419 mus3
230 1373 452 1425 aliquando,
473 1376 558 1435 (per
572 1373 678 1412 Deos
696 1372 933 1411 immortales
952 1373 982 1419 !)
998 1380 1124 1433 patres
1136 1386 1228 1412 con-

96 1427 240 1479 scripti,
260 1428 431 1479 patrium
450 1428 627 1466 animum
646 1428 906 1478 virtutemque
925 1427 1150 1478 capiamus,
1181 1435 1227 1466 ut

97 1489 167 1520 aut
187 1482 405 1521 libertatem
430 1482 626 1534 propriam
646 1481 817 1520 Romani
836 1480 984 1532 generis
1003 1489 1041 1519 et
1058 1481 1227 1520 nominis

98 1549 383 1587 recuperemus,
417 1544 485 1575 aut
521 1543 686 1574 mortem
724 1535 896 1574 servituti
932 1542 1227 1586 anteponamus.

96 1589 246 1639 Multa,
266 1605 354 1644 quae
371 1591 412 1629 in
430 1591 552 1630 libera
571 1591 722 1629 civitate
736 1589 893 1628 ferenda
910 1601 989 1627 non
1007 1599 1145 1636 essent,
1161 1597 1225 1629 tu-

94 1644 227 1693 limus,
248 1653 286 1684 et
295 1646 463 1698 perpessi
477 1658 639 1684 sumus·
627 1672 639 1691 ‚
670 1644 736 1682 alii
750 1657 817 1696 spe
830 1641 1099 1695 recuperandae
1109 1643 1226 1683 liber-

94 1700 196 1748 tatis,
209 1700 275 1738 alii
287 1700 440 1739 vivendi
451 1699 573 1738 nimia
585 1698 805 1752 cupiditate.
822 1697 912 1746 Sed,
923 1698 955 1736 si
966 1697 1034 1736 illa
1046 1698 1224 1747 tulimus,

95 1762 184 1806 quae
213 1767 283 1793 nos
313 1754 514 1794 necessitas
545 1754 644 1793 ferre
673 1753 810 1805 coegit,
842 1765 930 1804 quae
959 1751 1016 1791 vis
1045 1752 1226 1803 quaedam

96 1821 206 1860 paene
219 1808 347 1848 fatalis
366 1812 471 1861 (quae
491 1817 619 1848 tamen
637 1808 722 1860 ipsa
734 1819 812 1845 non
831 1806 1035 1853 tulimus);
1058 1806 1226 1846 etiamne

96 1862 215 1913 hujus
229 1863 374 1916 impuri
390 1863 549 1903 latronis
568 1862 736 1902 feremus
749 1862 991 1900 teterrimum
1009 1860 1237 1902 crudelissi-·¹

95 1929 286 1996 mumque
299 1918 543 1956 dominatum
553 1917 573 1954 ’ἓ

152 1971 258 2010 XII.
285 1971 396 2021 Quid
413 1972 477 2011 hic
495 1972 622 2020 faciet,
638 1971 671 2010 si
687 1970 867 2024 potuerit,
881 1970 1015 2016 iratus,
1032 1968 1115 2030 qui,
1135 1982 1227 2008 cum

95 2038 315 2065 succensere
331 2027 479 2065 nemini
496 2033 636 2078 posset,
652 2025 833 2065 omnibus
846 2024 957 2063 bonis
970 2022 1107 2062 fuerit·
1096 2023 1229 2062 mimi-

98 2092 188 2119 cu.s
178 2082 198 2108 ⁹
226 2080 336 2129 Quid
353 2081 416 2120 hic
427 2081 546 2120 victor
557 2093 636 2120 non
651 2079 820 2128 audebit,
841 2078 924 2131 qui,
944 2077 1094 2115 nullam
1109 2077 1228 2129 adep-

97 2141 162 2171 tus
190 2134 401 2184 victoriam,
427 2143 537 2174 tanta
564 2136 704 2175 scelera
727 2140 814 2186 post
840 2131 1000 2171 Caesaris
1025 2131 1227 2170 interitum

97 2187 228 2226 fecerit
240 2190 258 2227 ἰ)
293 2189 473 2229 refertam
502 2191 586 2241 ejus
621 2189 786 2230 domum
815 2185 1059 2227 exhauserit·
1047 2214 1059 2233 ‚
1096 2185 1239 2225 hortosr

154 2243 307 2292 (Orat.)
326 2255 433 2283 vor„
456 2255 520 2283 iv.
932 2253 953 2278 z
