1509 2397
227 69 279 112 76
389 72 504 113 PRO
535 75 785 115 MILONE.
833 73 1188 115 ARGUMENT.

220 183 273 231 vi,
293 184 374 237 qua
391 184 621 224 nominatim
651 184 794 223 caedem
819 185 859 223 in
878 183 1015 237 Appia
1041 184 1106 222 via
1132 183 1288 233 factam,
1308 191 1353 223 et

219 237 441 278 incendium
467 240 595 287 curiae,
627 246 665 278 et
691 239 854 278 domum
884 239 946 278 M.
979 237 1119 290 Lepidi
1147 237 1348 289 interregis

218 301 498 345 oppugnatam,
536 293 824 345 comprehendit
841 308 851 332 ι
893 294 1054 332 alteram
1086 292 1134 330 de
1165 291 1315 330 ambitu
1329 305 1344 330 ε

216 358 370 397 poenam
383 349 612 400 graviorem,
633 356 670 386 et
687 347 852 386 formam
868 348 1102 398 judiciorum
1115 346 1344 385 breviorem.

218 399 395 453 Utraque
424 402 528 441 enim
558 403 622 441 lex
651 402 757 454 prius
791 410 904 440 testes
933 401 1016 440 dari
1053 414 1122 453 per
1154 401 1344 449 triduum,

215 453 354 495 deinde
372 468 451 495 uno
469 456 531 495 die
554 464 670 508 atque
698 456 831 494 eodem
861 464 898 495 et
925 457 974 494 ab
1004 463 1218 494 accusatore
1236 462 1274 493 et
1291 455 1344 492 ab

214 521 280 547 reo
297 511 464 562 perorari
479 512 654 561 jubebat,
668 511 723 548 ita
741 518 784 548 ut
803 510 891 548 duae
908 510 1012 548 horae
1030 509 1252 556 accusatori,
1266 515 1346 547 tres

213 575 292 611 reo,
313 564 506 603 darentur.

267 618 344 656 His
363 619 512 670 legibus
532 619 711 657 obsistere
737 618 799 657 M.
828 618 972 659 Coelius
997 618 1175 656 tribunus
1200 617 1340 670 plebis,

211 672 512 712 studiosissimus
532 673 708 720 Milonis,
736 681 893 712 conatus
913 680 982 719 est,
1008 672 1112 724 quod
1131 680 1168 710 et
1186 671 1345 723 privile-

209 726 320 776 gium
339 727 478 766 diceret
491 727 530 765 in
548 727 739 766 Milonem
751 727 854 773 ferri,
877 735 912 766 et
921 727 1065 777 judicia
1083 725 1312 778 praecipitari
1326 738 1340 763 :

211 788 262 828 et,
280 794 369 819 cum
383 782 614 832 pertinacius
628 782 754 833 legem
775 781 918 820 Coelius
933 781 1180 832 vituperaret,
1193 793 1237 819 eo
1248 792 1340 831 pro-

208 835 318 872 cessit
332 835 398 874 irae
412 836 634 887 Pompeius,
657 844 700 874 ut
712 836 864 883 diceret,
879 837 910 874 si
923 843 1073 874 coactus
1092 843 1202 881 esset,
1219 834 1339 873 armis

208 900 248 925 se
262 890 538 940 rempublicam
553 890 821 928 defensurum:
844 890 1003 928 timebat
1015 897 1143 927 autem
1155 888 1339 941 Pompei-

207 954 254 980 us
280 943 489 991 Milonem,
518 958 583 983 seu
603 945 736 983 timere
762 957 802 982 se
821 945 1039 982 simulabat.
1098 943 1340 995 Plerumque

208 1007 287 1034 non
314 997 418 1036 domi
439 1011 531 1047 suae,
553 999 619 1037 sed
637 1001 676 1036 in
695 999 829 1045 hortis,
850 1000 1045 1046 manebat,
1066 997 1184 1049 idque
1202 997 1334 1048 ipsum

205 1049 247 1087 in
263 1052 533 1103 superioribus,
554 1054 652 1092 circa
667 1066 762 1104 quos
777 1053 892 1091 etiam
911 1064 1054 1103 magna
1072 1064 1211 1090 manus
1230 1051 1338 1089 mili-

206 1111 291 1143 tum
318 1109 542 1146 excubabat.
585 1109 771 1146 Senatum
798 1120 953 1159 quoque
973 1106 1092 1144 semel
1117 1106 1157 1143 in
1184 1105 1334 1157 porticu

204 1160 276 1196 sua
295 1160 481 1199 habuerat
508 1162 731 1214 Pompeius,
760 1161 865 1213 quod
891 1161 1031 1199 diceret
1050 1160 1184 1198 timere
1205 1172 1244 1198 se
1266 1159 1337 1198 ad-

205 1222 365 1252 ventum
381 1215 555 1254 Milonis.
816 1218 819 1219 ⁷

258 1267 376 1315 Dein,
404 1270 581 1321 proximo
601 1278 749 1315 senatu,
771 1270 818 1308 P.
839 1268 1067 1308 Cornificius
1085 1268 1230 1307 ferrum
1250 1267 1336 1306 Mi-

201 1320 332 1361 Ionem
351 1323 451 1362 intra
470 1325 639 1363 tunicam
659 1325 799 1363 habere
810 1324 859 1362 ad
877 1324 1005 1362 femur
1023 1323 1226 1375 alligatum
1245 1321 1336 1360 dix-

202 1384 306 1414 erat:
336 1379 608 1429 postulaverat,
643 1388 687 1417 ut
712 1378 839 1417 femur
871 1378 1060 1423 nudaret3
1091 1385 1128 1415 et
1156 1377 1222 1414 ille
1247 1376 1331 1414 sine

200 1431 311 1469 mora
331 1432 499 1470 tunicam
519 1433 721 1471 levaverat.
765 1433 875 1470 Tum
895 1433 956 1471 M.
979 1431 1112 1470 Cicero
1137 1430 1330 1469 exclama.-

200 1493 320 1532 verat,
337 1487 466 1525 omnia
479 1487 537 1524 illi
549 1487 689 1526 similia
703 1487 863 1525 crimina
874 1499 968 1535 esse,
979 1499 1066 1538 quae
1079 1486 1120 1523 in
1135 1485 1336 1523 Milonem

201 1537 417 1578 dicerentur
435 1542 522 1579 alia.

255 1591 408 1632 Deinde
439 1595 645 1634 Munatius
672 1596 853 1639 Plancus,
885 1595 1062 1632 tribunus
1081 1593 1217 1645 plebis,
1237 1605 1332 1645 pro·

199 1644 362 1686 duxerat
394 1648 434 1686 in
463 1650 682 1687 concionem
716 1649 778 1687 Μ.
811 1648 1021 1687 AEmilium
1042 1648 1330 1696 Philemonem,-

198 1707 335 1738 notum
348 1701 561 1749 hominem,
577 1704 759 1742 libertum
777 1703 839 1741 M.
862 1703 1014 1754 Lepidi.
1047 1703 1087 1740 Is
1101 1715 1141 1740 se
1160 1701 1324 1749 dicebat,

197 1754 416 1807 pariterque
448 1770 576 1795 secum
596 1766 762 1809 quatuor
790 1757 929 1795 liberos
950 1756 1126 1794 homines
1145 1756 1217 1794 iter
1235 1755 1329 1794 faci-

198 1816 318 1855 entes,
335 1811 608 1861 supervenisse,
629 1825 718 1850 cum
738 1811 898 1850 Clodius
915 1810 1174 1856 occideretur;
1203 1818 1254 1857 et,
1275 1811 1328 1848 ob

197 1860 237 1898 id
258 1875 346 1900 cum
366 1865 678 1914 proclamassent,
700 1867 890 1917 abreptos,
911 1874 948 1904 et
973 1864 1174 1916 perductos
1193 1864 1233 1901 in
1253 1863 1326 1901 vil-

197 1915 276 1953 lam
316 1916 491 1966 Milonis,
530 1919 660 1972 ibique
696 1932 764 1971 per
800 1920 896 1957 duos
932 1931 1082 1957 mensoe
1117 1918 1325 1970 praeclusos

194 1968 337 2009 fuisse:
368 1985 488 2024 eaque
518 1985 590 2020 res,
619 1987 684 2011 seu
715 1987 816 2022 vera,
838 1986 904 2012 seu
930 1973 1041 2019 falsa,
1061 1985 1245 2024 magnam
1263 1971 1327 2009 in·

195 2023 339 2062 vidiam
363 2025 506 2064 Miloni
526 2035 777 2065 contraxerat.
827 2027 1015 2078 Idemque
1040 2026 1263 2072 Munatius,
1284 2032 1324 2064 et

194 2076 420 2130 Pompeius,
434 2081 581 2118 tribuni
597 2081 733 2132 plebis,
753 2081 794 2119 in
814 2081 956 2120 Rostra
972 2080 1234 2132 produxerant
1253 2079 1322 2118 tri-

193 2132 389 2171 umvirum
427 2135 643 2185 capitalem,
682 2148 850 2187 eumque
890 2135 1228 2187 interrogaverant,
1266 2145 1318 2171 an

191 2185 387 2241 Galatam,
419 2188 581 2229 Milonis
611 2202 778 2237 servum,
809 2189 929 2230 caedae
955 2189 1155 2234 facientem
1182 2188 1323 2240 (lepre.-
