1509 2397
361 79 476 120 PRO
504 79 767 119 LIGARIO.
798 79 904 118 CAP.
925 82 963 118 5.
1151 82 1228 119 155

105 195 261 241 spectat,
287 195 333 227 ut
354 188 400 227 ea
425 187 550 240 poena,
574 188 614 226 in
639 187 718 239 qua
739 187 866 226 adhuc
893 186 944 235 Q.
967 187 1146 238 Ligarius
1165 187 1228 235 sit,

102 255 179 281 non
209 241 416 281 videamini
446 255 524 281 esse
554 242 732 280 contenti.
772 242 873 290 Quae
904 250 959 280 aet
988 242 1106 293 igitur
1138 242 1227 289 alia,

102 303 240 349 praeter
271 299 468 335 mortem?
512 296 553 335 Si
579 296 683 334 enim
707 296 748 334 in
775 296 908 334 exsilio
933 303 1001 342 est,
1030 295 1140 334 sicuti
1159 304 1228 342 est,

104 350 199 402 quid
231 351 397 402 amplius
426 350 658 402 postulatis?
697 363 761 398 an,
796 362 845 387 ne
875 349 1125 401 ignoscatur?
1157 349 1229 387 hoc

103 417 190 443 vero
209 405 333 443 multo
351 405 536 451 acerbius,
553 405 754 455 multoque
773 412 827 442 est
847 404 991 442 durius.
1023 403 1140 451 Quod
1158 415 1228 440 nos

101 458 206 496 domi
217 459 397 510 petimus,
407 459 584 510 precibus
596 467 632 495 et
643 458 835 509 lacrymis,
846 471 933 509 pros
918 458 1024 496 strati
1038 457 1087 495 ad
1098 457 1228 508 pedes,

101 524 179 551 non
193 520 274 550 tam
293 521 431 551 nostrae
450 526 572 552 causae
589 512 761 559 fidentes,
780 525 898 563 quam
916 512 1034 561 hujus
1048 510 1229 549 humani-

102 566 185 614 tati,
216 566 257 604 id
284 579 333 605 ne
362 567 627 619 impetremus,
660 567 886 628 pugnabis?
917 574 954 604 et
982 567 1022 603 in
1054 576 1229 603 nostrum

102 620 266 659 fletum
255 622 472 672 irrumpes?
502 629 539 659 et
564 633 647 669 nos,
667 621 835 670 jacentes
861 619 911 658 ad
932 620 1060 671 pedeS,
1082 619 1231 671 suppli-

104 687 194 713 cum
212 688 303 714 voce
320 676 539 727 prohibebis
554 675 572 711 ’ἓ

157 729 213 777 Si,
234 742 321 768 cum
342 730 414 768 hoc
432 729 537 768 domi
554 729 778 777 faceremus,
800 728 904 780 quod
924 736 960 766 et
978 727 1153 774 fecimus,
1175 734 1226 774 et,

102 789 148 821 ut
166 796 290 835 spero,
312 796 388 821 non
421 784 562 821 frustra
586 783 760 831 fecimus,
781 791 824 821 tu
848 783 1050 834 derepente
1068 781 1229 832 irrupis-

102 849 174 885 ses,
196 845 234 876 et
252 838 415 876 clamare
434 838 620 889 coepisses,
651 840 679 859 ‘⁶
695 837 738 875 C.
762 837 904 883 Caesar,
920 849 1008 875 cave
1028 836 1226 887 ignoscas;

103 904 207 938 cave,
228 898 266 930 te
282 891 460 940 fratrum,
478 904 547 943 pro
565 891 692 929 fratris
709 892 829 929 salute
841 890 1136 936 obsecrantium,
1152 890 1229 927 mi-

101 953 268 984 sereatur
280 945 325 992 ;’'
362 958 489 984 nonne
522 958 676 984 omnem
712 945 993 983 humanitatem
1026 944 1225 983 exuisses?

103 998 262 1047 Quanto
280 1000 353 1038 hoc
371 1000 518 1048 durius,
541 1000 645 1061 quod
662 1013 730 1037 nos
751 999 857 1037 domi
880 999 1062 1050 petimus,
1089 998 1130 1035 id
1148 1012 1171 1036 3
1189 1005 1227 1037 te

100 1052 142 1090 in
160 1053 243 1115 foro
261 1055 502 1106 oppugnari!
527 1062 577 1100 et,
593 1055 632 1091 in
646 1054 715 1092 tali
727 1053 878 1092 miseria
896 1053 1124 1100 multorum,
1140 1065 1226 1104 per-

185 1120 253 1145 um
271 1108 538 1147 misericordiae
556 1108 715 1146 tollere!

154 1161 296 1200 Dicam
321 1163 449 1214 plane,
472 1163 542 1202 cai
570 1162 710 1208 Caesar,
733 1161 837 1214 quod
856 1161 987 1200 sentio.
1018 1160 1105 1209 Si,
1094 1173 1135 1198 m
1152 1161 1226 1200 hac

99 1216 207 1254 tanta
231 1217 300 1254 tua
323 1216 492 1265 fortuna,
516 1217 652 1255 lenitas
677 1224 784 1254 tanta
805 1229 883 1254 non
909 1223 1017 1261 esset,
1038 1222 1224 1267 quantam

98 1276 143 1308 tu
170 1282 238 1321 per
263 1277 315 1316 te,
338 1283 407 1321 per
431 1278 483 1317 te,
506 1271 682 1322 inquam,
709 1270 870 1316 obtines,
899 1269 1102 1320 (intelligo,
1129 1269 1225 1320 quid

98 1322 251 1374 loquar)
285 1325 525 1363 acerbissimo
556 1326 663 1362 luctu
693 1324 922 1362 redundaret
952 1324 1024 1361 ista
1054 1323 1222 1361 victoria.

100 1376 232 1424 Quam
246 1378 360 1416 multi
379 1378 482 1416 enim
503 1386 624 1417 essent
642 1378 690 1416 de
708 1378 926 1423 victoribus,
947 1377 1015 1428 qui
1035 1385 1071 1415 te
1090 1377 1223 1415 crude-

98 1431 177 1469 lem
207 1444 286 1470 &sse
311 1432 465 1479 vellent,
493 1446 583 1471 cum
607 1432 722 1470 etiam
748 1431 795 1470 de
820 1432 928 1469 victis
958 1431 1220 1482 reperiantur!

99 1498 217 1536 quam
240 1486 370 1534 multi,
399 1486 481 1537 qui,
502 1500 590 1525 cum
617 1500 640 1524 a
666 1495 704 1524 te
726 1486 871 1524 nemini
898 1485 1043 1536 ignosci
1064 1485 1220 1532 vellent,

97 1539 329 1591 impedirent
350 1540 592 1579 clementiam
618 1548 741 1587 tuam,
764 1553 853 1578 cum
878 1540 993 1578 etiam
1018 1539 1059 1586 ii,
1081 1540 1223 1590 quibus

97 1593 179 1645 ipse
195 1593 390 1645 ignovisti,
407 1595 530 1632 nolint
548 1603 585 1633 te
603 1595 644 1633 in
663 1595 756 1633 alios
775 1607 855 1632 esse
874 1593 1182 1631 misericordem!

153 1647 272 1695 Quod
291 1649 322 1686 si
337 1650 497 1700 probare
512 1649 653 1688 Caesari
664 1661 875 1700 possemus,
891 1648 932 1685 in
947 1647 1083 1685 Africa
1105 1647 1224 1698 Liga-

95 1700 198 1740 rium
206 1702 363 1741 omnino
375 1715 452 1740 non
460 1703 597 1748 fuisse3
613 1703 644 1741 si
654 1703 812 1741 honesto
820 1710 857 1740 et
869 1701 1102 1740 misericordi
1113 1713 1223 1739 men-

96 1755 204 1794 dacio
216 1757 330 1795 saluti
341 1757 432 1795 civis
451 1758 662 1796 calamitosi
681 1757 898 1796 consultum
915 1769 993 1794 0553
1007 1755 1219 1794 vellemus·
1207 1783 1220 1801 ‚

97 1815 226 1848 tamen
244 1811 410 1849 hominis
429 1824 507 1850 non
526 1820 636 1858 esset,
650 1812 688 1849 in
709 1818 815 1849 tanto
830 1810 1047 1849 discrimine
1067 1817 1103 1847 et
1121 1809 1222 1861 peri-

97 1864 183 1902 culo
194 1865 299 1911 civis,
314 1865 483 1904 refellere
495 1874 532 1904 et
543 1879 745 1917 coarguere
759 1874 933 1903 nostrum
948 1863 1218 1902 mendacium:

96 1924 147 1964 et,
168 1918 200 1956 si
218 1927 315 1957 esset
328 1919 504 1969 alicujus,
519 1922 602 1970 ejus
620 1928 718 1958 certe
732 1932 810 1957 non
829 1927 937 1965 esset,
954 1918 1022 1970 qui
1033 1918 1073 1955 in
1086 1917 1222 1955 eadem

97 1983 210 2010 causa
230 1980 268 2011 et
285 1973 440 2011 fortuna
464 1974 609 2012 fuisset.
649 1973 724 2012 Sed
744 1982 873 2011 tamen
893 1972 999 2011 aliud
1018 1979 1073 2010 051
1099 1984 1221 2010 errare

99 2025 290 2065 (3315316111
318 2028 433 2075 nolle,
461 2028 568 2066 aliud
592 2028 694 2066 nolle
721 2027 902 2065 misereri.
932 2026 1040 2064 Tum
1063 2025 1219 2072 diceres,

99 2080 128 2100 ‘⁶
144 2079 260 2128 Cave,
277 2080 418 2128 031531,
440 2082 595 2121 credas:
624 2082 728 2120 fuit
717 2094 757 2119 111
776 2081 914 2119 Africa
933 2080 1136 2140 Ligarius:
1158 2086 1222 2117 tu-

98 2131 145 2170 lit
162 2146 269 2172 arma
285 2143 418 2174 contra
435 2142 484 2174 te.
489 2136 514 2154 ”
535 2136 655 2175 Nunc
672 2135 767 2189 quid
786 2135 903 2173 (11615.
893 2137 910 2162 ⁹
934 2137 962 2156 ‘⁶
973 2133 1104 2173 Cave'
1093 2145 1223 2184 ignos-

99 2187 201 2226 cas-'⁹
229 2188 329 2229 Haec
350 2201 420 2230 nec
443 2189 625 2240 hominis,
653 2203 724 2230 nec
741 2189 791 2230 ad
811 2188 1024 2239 hominem,
1045 2199 1120 2227 vox
1138 2194 1219 2226 051.
