1509 2397
312 453 384 501 IN
419 455 473 501 L.
504 454 940 503 CALPURNIUM
973 453 1289 503 PISONEM.

353 573 593 621 Fragmenta
607 575 813 623 principii,
833 574 878 610 ab
897 573 1063 610 Asconio
1081 576 1246 609 servata.

300 664 322 686 *
340 666 362 686 ¹
385 666 406 685 ἓ
430 666 568 714 QUOD
580 667 786 704 minimum
798 667 986 718 specimen
1000 666 1040 704 in
1051 672 1088 703 te
1101 664 1244 716 ingenii
1255 666 1273 703 Ρ
1291 663 1352 702 in-

243 719 346 769 genii
363 722 523 758 autem?
551 721 671 758 immo
690 721 846 771 ingenui
863 720 1043 768 hominis,
1063 732 1107 757 ac
1123 718 1234 757 liberi
1249 731 1262 764 ;
1283 717 1352 769 qui

244 773 365 810 colore
383 773 465 824 ipso
482 774 643 824 patriam
664 774 911 825 adspernaris,
931 773 1097 811 oratione
1115 785 1249 823 genus,
1269 783 1353 809 mo-

242 825 348 863 ribus
366 839 517 864 nomen.
548 827 570 846 *
593 827 613 847 *
636 828 658 847 ἕ

298 879 320 899 ’⁵
343 880 365 899 ³*
387 880 409 899 ἕ
439 880 526 918 Hoc
540 892 615 917 non
628 881 676 918 ad
690 880 1004 919 contemnendam
1016 879 1249 917 Placentiam
1268 890 1354 929 per-

243 932 351 978 tinet,
378 933 479 970 unde
505 947 543 971 se
567 934 599 971 is
622 941 749 972 ortum
771 935 924 984 gloriari
952 935 1069 972 solet:
1100 944 1224 982 neque
1251 931 1354 970 enim

243 985 315 1023 hoc
328 998 414 1023 mea
427 995 562 1024 natura
580 987 677 1032 fert3
699 1001 767 1026 nec
779 988 989 1038 municipii,
1002 986 1210 1037 praesertim
1227 985 1275 1023 de
1291 997 1355 1022 me

244 1038 387 1090 optime
404 1040 542 1088 meriti,
559 1041 722 1091 dignitas
741 1042 894 1092 patitur.
926 1041 947 1061 ’ἒ
966 1041 987 1061 *
1009 1041 1031 1061 ὕ

299 1092 321 1112 *
344 1092 365 1112 *
387 1093 409 1113 ³
439 1093 517 1131 Hic
532 1096 709 1136 (Pisonis
727 1101 838 1141 avus)
857 1107 946 1133 cum
965 1093 1014 1132 ad
1026 1092 1178 1131 Padum
1191 1092 1352 1130 Placen-

243 1145 305 1182 tiae
323 1145 418 1184 forte
433 1147 671 1194 consedisset,
686 1148 816 1198 paucis
833 1156 919 1198 post
937 1148 1044 1185 annis
1062 1147 1103 1183 in
1122 1159 1207 1184 eam
1221 1145 1352 1184 civita-

243 1205 321 1236 tem
350 1203 457 1241 (nam
485 1208 569 1238 tum
598 1209 676 1239 erat
703 1202 848 1248 civitas)
869 1201 1073 1239 adscendit.
1111 1199 1224 1237 Prius
1251 1198 1354 1236 enim

245 1252 394 1300 Gallus,
421 1253 509 1290 dein
535 1254 771 1301 Gallicanus,
791 1261 960 1293 extremo
977 1252 1352 1302 semi-Placentinus,

243 1305 375 1343 haberi
393 1315 536 1358 coeptus
556 1315 622 1345 est.
654 1308 676 1329 ἕ
698 1308 720 1328 ¹*
742 1308 764 1328 ξ

296 1359 516 1398 Lautiorem
529 1369 636 1411 pater
647 1369 736 1399 tuus
750 1374 935 1410 socerum,
951 1373 1070 1413 quam
1083 1359 1128 1398 C.
1142 1359 1233 1398 Piso

241 1412 280 1448 in
295 1413 361 1450 illo
372 1414 478 1451 luctu
493 1429 503 1451 :
523 1426 600 1452 non
615 1415 650 1452 ei
663 1415 783 1452 filiam
796 1428 924 1453 meam
937 1414 1128 1462 collocavi,
1142 1425 1258 1465 quem
1269 1425 1354 1463 ego,

241 1473 405 1515 potestas
423 1480 512 1504 cum
532 1469 707 1506 omnium
724 1468 872 1518 fuisset,
884 1481 1008 1506 unum
1025 1467 1270 1520 potissimum
1287 1466 1354 1504 de-

246 1519 436 1569 legissem.
468 1520 490 1541 *
513 1521 534 1541 *
557 1521 578 1541 ’ξ

1248 1357 1351 1380 *3⁸

296 1572 331 1609 I.
363 1573 385 1593 *
407 1573 429 1593 *
451 1573 473 1593 ³
501 1574 645 1613 Jamne
661 1575 779 1623 vides,
801 1576 943 1623 bellua,
960 1576 1092 1625 jamne
1116 1573 1244 1621 sentis,
1265 1586 1352 1624 quae

242 1625 291 1662 sit
313 1625 516 1664 hominum
541 1629 694 1679 querela
719 1629 854 1668 frontis
872 1636 948 1667 tuae
964 1631 982 1667 ἓ
1010 1629 1140 1666 Nemo
1165 1626 1350 1679 queritur,

243 1679 385 1729 Syrum
413 1680 536 1718 nescio
562 1694 691 1732 quem,
725 1682 772 1720 de
795 1696 908 1734 grege
931 1681 1180 1729 noviciorum,
1207 1680 1352 1718 factum

242 1744 321 1769 esse
338 1733 543 1771 consulem.
581 1734 673 1772 Non
693 1735 795 1773 enim
813 1748 882 1775 nos
901 1736 1001 1774 color
1018 1735 1088 1773 iste
1106 1733 1262 1781 servilis,
1275 1745 1353 1771 non

241 1785 371 1836 pilosae
388 1798 506 1836 genae,
526 1799 601 1824 non
621 1787 749 1826 dentes
773 1789 930 1839 putridi,
956 1788 1206 1839 deceperunt:
1236 1785 1350 1834 oculi,

242 1839 456 1889 supercilia,
476 1839 593 1887 frons,
608 1842 735 1879 vultus
747 1842 909 1893 denique
920 1850 1035 1890 totus,
1049 1841 1117 1893 q'ui
1130 1853 1253 1879 sermo
1265 1840 1352 1891 qui-

241 1891 332 1930 dam
351 1892 486 1930 tacitus
509 1893 647 1931 mentis
666 1901 733 1941 oet,
753 1895 815 1933 hic
832 1895 873 1932 in
897 1895 1071 1934 fraudem
1087 1894 1261 1932 homines
1277 1893 1353 1930 im-

240 1945 366 1996 pulit:
395 1946 458 1984 hic
476 1958 551 1994 eos,
572 1947 711 1997 quibus
735 1960 815 1986 eras
834 1949 1000 1999 ignotus,
1022 1947 1182 1999 decepit,
1201 1946 1351 1994 fefellit,

239 1998 404 2036 induxit.
445 1999 565 2038 Pauci
582 2000 654 2038 ista
675 2007 741 2038 tua
767 2001 957 2040 lutulenta
979 2001 1072 2040 vitia
1095 2012 1347 2044 noveramus;

239 2051 351 2102 pauci
383 2052 597 2091 tarditatem
626 2053 781 2104 ingenii,
809 2061 1016 2106 stuporem,
1041 2053 1351 2103 debilitatemque

239 2105 392 2155 linguae.
423 2105 638 2157 Nunquam
649 2113 729 2144 erat
741 2107 872 2146 audita
882 2120 956 2146 vox
969 2109 1010 2146 in
1021 2107 1127 2154 ἴοι-ος
1148 2116 1349 2157 nunquam

238 2158 449 2207 periculum
478 2158 622 2198 factum
651 2159 821 2207 consilii;
859 2161 1027 2210 nullum,
1055 2172 1133 2200 non
1155 2158 1271 2198 modo
1301 2157 1352 2196 il-
