1555 2433
583 95 632 134 In
646 94 719 134 hoc
737 93 931 134 volumine
949 93 1190 134 continentur

333 207 554 253 Orationes,

386 260 464 299 Pro
484 257 664 300 cornelio
681 257 807 298 Balbo
817 286 1244 299 ........................
1259 270 1357 310 pag.
1426 264 1442 299 1

385 313 436 353 In
455 313 637 353 Pisonem
655 340 1351 354 .......................................
1394 316 1448 353 29

386 368 465 407 Pro
482 367 635 406 Milone
656 395 1352 409 ......................................
1397 369 1447 409 71

388 423 467 461 Pro
477 421 638 461 Rabirio
648 420 836 460 Postumo
855 449 1354 462 ............................
1373 424 1390 459 1
1397 426 1451 462 20

390 476 468 514 Pro
487 475 676 514 Marcello
709 503 1226 517 .............................
1242 508 1244 515 ,
1252 506 1352 517 ......
1375 477 1452 516 137

390 530 469 568 Pro
484 529 641 581 Ligario
659 558 1355 572 .......................................
1374 533 1451 569 149

388 585 467 623 Pro
485 584 594 635 Rege
612 584 794 623 Deiotaro
818 611 1355 626 .............................
1374 586 1454 624 160

390 637 439 677 In
459 638 675 677 Antonium
694 637 913 691 Philippica
929 635 980 730 h.
988 666 1357 681 .....................
1376 642 1453 678 183

933 745 1004 784 ΙΙΙ
1005 773 1356 787 ....................
1373 751 1452 788 241

932 800 1011 839 IV.
1028 827 1360 843 ..................
1374 805 1455 843 258

932 855 974 895 V
974 881 1360 897 ......................
1377 857 1459 897 265

932 908 998 948 VI
999 936 1361 950 .....................
1376 915 1457 952 288

934 960 1023 1002 VII
1026 991 1361 1005 ...................
1377 967 1461 1007 296

932 1015 1057 1055 VIII.
1073 1045 1364 1061 ................
1378 1022 1461 1061 306

935 1070 1014 1110 ΙΧ.
1015 1098 1183 1112 ..........
1191 1102 1195 1105 -
1208 1101 1362 1113 .........
1379 1077 1460 1117 319

933 1125 976 1165 Χ
978 1152 1367 1168 ......................
1381 1131 1462 1172 327

943 1178 1011 1218 ΧΙ
1012 1204 1365 1222 ....................
1381 1186 1463 1230 339

935 1231 1037 1272 XII.
1051 1262 1365 1277 ..................
1380 1241 1463 1279 356

941 1286 1056 1326 ΧΙΙΙ
1066 1315 1368 1330 .................
1380 1293 1463 1333 369

940 1340 1048 1382 XIV
1052 1371 1370 1385 ..................
1383 1349 1465 1393 390

867 1636 946 1686 1·ΰὲ

347 1739 460 1788 Quoe,
479 1738 524 1778 in
541 1735 677 1777 nostra
695 1738 875 1789 editione,
895 1740 1050 1778 uncinis
1077 1738 1202 1790 [hunc
1225 1739 1266 1778 in
1294 1740 1462 1792 morem]

347 1815 498 1854 inclusa
515 1816 716 1866 leguntur,
736 1828 778 1854 ea
800 1817 862 1855 vel
877 1822 996 1868 plane
1022 1816 1245 1855 adulterina
1273 1821 1342 1855 aut
1371 1817 1468 1854 insi-

348 1892 444 1930 ticia
460 1894 552 1930 sunt
565 1914 620 1925 -
634 1891 707 1939 vel,
716 1895 880 1942 propter
898 1891 1109 1942 scripturae
1133 1891 1374 1939 varietatem,
1394 1902 1473 1942 pro

348 1965 509 2004 incertis
520 1964 691 2004 habenda
701 1988 754 1998 —
764 1966 825 2003 vel
853 1965 940 2004 licet
953 1963 1254 2018 reipsdfortasse
1263 1973 1472 2015 germana,

350 2042 579 2081 criticorum
598 2045 727 2082 tamen
749 2041 980 2082 dissensione
999 2043 1041 2080 in
1061 2042 1222 2081 dubium
1241 2045 1386 2080 vocata.
1445 2044 1450 2050 ’
