1509 2397
324 95 440 137 PRO
469 96 791 138 DEIOTARO.
821 96 928 136 CAP.
962 98 1024 135 15.
1156 98 1232 142 179

109 203 267 253 posteris
289 204 404 243 etiam
427 204 506 244 suis
535 205 739 244 tradituros
764 218 844 244 esse
870 203 1030 243 confido.
1061 203 1232 256 Corpora

108 267 196 294 vero
208 270 290 306 sua,
306 272 376 310 pro
394 260 516 297 salute
529 272 664 311 regum
679 272 851 307 suorum,
866 259 908 296 hi
922 258 1038 309 legati
1053 259 1123 297 tibi
1138 259 1233 310 regii

107 309 279 359 tradunt,
313 313 468 362 Hieras,
499 320 536 351 et
557 313 789 361 Blesamius,
822 320 859 350 et
890 312 1128 363 Antigonus,
1159 313 1230 351 tibi

107 364 294 416 nobisque
323 368 502 406 omnibus
522 369 604 416 jam
633 367 700 405 diu
729 366 824 414 noti,
849 366 1061 417 eademque
1093 366 1168 405 fide
1194 375 1232 405 et

107 416 247 457 virtute
276 421 459 472 praeditus
489 421 700 473 Dorylaus,
734 420 802 472 qui
831 432 955 470 nuper
985 433 1074 457 cum
1106 420 1230 459 Hiera

105 469 255 521 legatus
274 482 329 512 est
348 475 397 513 ad
416 483 453 513 te
471 475 622 522 missus,
636 483 723 513 tum
741 486 877 525 regum
896 473 1129 522 amicissimi,
1143 482 1230 512 tum

106 524 177 562 tibi
196 527 326 577 etiam,
347 537 391 567 ut
416 542 538 581 spero,
559 528 720 581 probati.
750 528 926 579 Exquire
946 528 993 566 de
1017 527 1227 576 Blesamio,

106 582 300 632 numquid
313 583 362 621 ad
374 596 500 634 regem
517 591 647 621 contra
663 582 890 634 dignitatem
905 589 1013 619 tuam
1029 582 1230 633 scripserit.

108 632 249 673 Hieras
268 637 425 687 quidem
444 650 598 676 causam
625 649 780 675 omnem
800 636 972 687 suscipit,
1004 643 1041 674 et
1060 636 1231 674 crimini-

106 687 180 725 bus
210 689 286 728 illis
317 704 387 742 pro
423 705 512 743 rege
549 704 587 730 se
625 690 805 742 supponit
836 702 971 728 reum:
1001 691 1229 728 memoriam

106 748 215 780 tuam
234 743 427 796 implorat,
445 745 523 796 qu'a
542 745 643 783 vales
655 745 894 796 plurimum:
925 751 1040 795 negat
1053 756 1229 796 unquam

105 807 145 832 se
170 809 193 834 a
218 804 255 835 te
273 798 314 835 in
334 799 507 837 Deiotari
532 799 734 837 tetrarchia
758 798 896 850 pedem
923 797 1156 836 discessisse:
1186 798 1229 836 in

103 849 239 899 primis
257 852 398 891 finibus
417 853 487 891 tibi
517 866 556 891 se
584 860 724 904 praesto
745 852 863 890 fuisse
893 851 998 899 dicit,
1031 865 1154 903 usque
1178 852 1228 890 ad

104 903 262 944 ultimos
287 915 558 957 prosecutum:
590 919 681 945 cum
700 919 720 944 e
747 907 884 944 balneo
915 906 1072 954 exisses,
1098 913 1228 945 tecum

103 969 143 994 se
160 957 290 1006 fuisse,
311 973 400 999 cum
418 961 486 998 iHa
504 973 665 999 munera
682 959 909 1011 inspexisses
929 967 1109 1006 coenatus,
1137 972 1227 999 cum

105 1011 146 1048 in
176 1014 351 1052 cubiculo
387 1015 648 1059 recubuisse33
680 1013 932 1065 eamdemque
965 1013 1227 1053 assiduitatem

103 1066 175 1104 tibi
212 1080 251 1105 se
280 1069 487 1120 praebuisse
521 1068 712 1120 postridie.
748 1067 1028 1116 Quamobrem,
1068 1069 1099 1107 si
1132 1069 1227 1120 quid

102 1133 252 1167 eorum,
273 1136 360 1174 quae
379 1124 525 1173 objecta
544 1131 648 1170 sunt,
662 1122 871 1174 cogitatum
891 1122 952 1169 sit,
965 1134 1043 1159 non
1061 1130 1224 1173 recusat,

104 1175 200 1226 quin
218 1175 259 1213 id
277 1177 424 1215 facinus
443 1190 558 1215 suum
577 1177 736 1226 judices.
766 1175 969 1223 Quocirca,
991 1176 1062 1215 Cai
1082 1177 1224 1225 Caesar,

104 1229 221 1267 velim
251 1231 458 1277 existimes,
478 1231 661 1269 hodierno
680 1230 742 1268 die
767 1230 994 1268 sententiam
1013 1237 1136 1278 tuam,
1157 1239 1225 1269 aut

101 1294 193 1320 cum
212 1297 364 1323 summo
385 1285 567 1324 dedecore
587 1284 843 1323 miserrimam
872 1291 1018 1335 pestem
1039 1285 1225 1336 importa-

102 1344 232 1375 turam
251 1351 331 1377 esse
349 1339 517 1390 regibus,
547 1346 614 1377 aut
631 1339 864 1376 incolumem
883 1338 1029 1376 famam
1055 1351 1144 1377 cum
1164 1352 1223 1377 sa-

101 1390 211 1438 lute;
242 1406 408 1444 quorum
437 1393 600 1431 alterum
628 1399 772 1444 optare,
802 1392 959 1430 illorum
991 1392 1222 1433 crudelitatis

102 1451 184 1492 est;
214 1446 378 1486 alterum
396 1460 629 1497 conservare,
649 1446 859 1486 clementiae
878 1453 966 1485 tuae.
