1509 2397
207 108 259 145 68
472 106 537 146 IN
569 105 849 146 PISONEM.
879 106 986 145 CAP.
1017 107 1083 146 39.

214 227 265 252 ne
292 213 510 257 suavissimi
538 214 705 253 hommis
736 215 923 254 memoria
950 220 1178 264 moreretur,
1207 213 1340 253 detur-

214 269 324 316 bant,
345 267 536 319 affligunt,
556 269 840 315 comminuunt,
867 268 1066 320 dissipant.
1095 267 1158 307 Sic
1188 267 1339 316 odium,

217 321 322 374 quod
350 321 390 359 in
419 322 549 373 ipsum
574 323 794 370 attulerant,
825 322 867 360 id
889 322 931 360 in
953 323 1037 372 ejus
1060 321 1270 373 imaginem
1295 333 1340 361 ac

219 375 469 416 simulacrum
488 376 752 428 profuderunt.

274 429 376 478 Quae
395 443 485 468 cum
513 430 566 468 ita
595 430 686 478 sint,
712 443 789 470 non
820 430 971 478 dubito,
1000 429 1110 481 quin,
1136 442 1225 468 cum
1242 429 1342 478 haec,

220 497 310 536 quae
328 484 533 532 excellunt,
550 497 613 522 me
627 487 737 523 nosse
756 484 884 523 videas
901 498 913 529 ;
944 496 1021 522 non
1040 483 1249 530 existimes,
1261 495 1346 522 me-

223 538 327 578 diam
339 537 447 575 inam
459 546 607 590 partem
623 546 659 576 et
669 541 824 577 turbam
832 537 1065 589 flagitiorum
1077 544 1234 575 tuorum
1246 536 1347 575 mihi

224 604 303 633 oese
326 591 553 630 inauditam.
583 592 696 631 Nihil
726 600 793 641 est,
819 591 924 644 quod
950 604 1014 629 me
1041 591 1216 630 hortere.
1247 590 1346 629 nihil

226 653 297 694 est,
316 645 444 698 quod
435 646 581 685 invites.
610 607 845 685 Admoneriq
840 659 903 684 me
918 645 1008 684 satis
1019 652 1103 683 851·
1124 644 1348 685 admonebit

227 707 357 739 autem
387 712 502 738 nemo
535 700 646 747 311115,
678 700 753 739 11151
784 700 1003 752 reipublicae
1031 706 1211 750 tempus;
1241 697 1350 750 quod

227 753 326 792 mihi
344 754 502 805 quidem
519 754 643 805 magis
661 754 825 804 videtur,
846 767 965 807 quam
983 760 1027 792 tu
1052 765 1229 804 unquam
1247 751 1350 791 arbi-

226 814 349 846 tratus
368 821 420 856 es,
441 809 759 860 appropinquare.

282 837 490 900 XXXIX.
519 862 674 914 Ecquid
692 862 810 910 vides,
832 861 968 914 ecquid
986 860 1116 909 sentis,
1136 860 1220 912 lege
1245 859 1352 910 judi-

231 915 345 955 813113
373 916 467 963 1313,
499 929 596 968 quos
627 916 786 967 posthac
807 916 965 977 ‘judices
993 916 1115 953 simus
1149 914 1352 953 habituri?

232 969 327 1008 Non
355 983 462 1021 aeque
480 970 641 1021 legetur,
662 970 836 1022 quisquis
855 969 1045 1015 voluerit3
1074 981 1158 1016 nec,
1179 967 1354 1020 quisquis

232 1023 412 1071 noluerit,
443 1036 521 1062 non
547 1025 705 1085 legetur.
744 1023 859 1062 Nulli
889 1023 1137 1072 conjicientur
1167 1021 1208 1060 in
1240 1022 1354 1060 illum

233 1077 437 1123 ordinem;
458 1078 557 1116 nulli
571 1078 812 1116 eximentur:
837 1090 915 1116 non
930 1077 1089 1115 ambitio
1107 1076 1156 1114 ad
1174 1076 1353 1127 gratiam,

234 1143 313 1169 non
331 1131 514 1183 iniquitas
542 1132 591 1170 ad
611 1132 908 1180 simulationem,
935 1131 1167 1180 conjicietur.
1196 1129 1356 1168 Judices
1433 1131 1435 1133 ’

231 1184 464 1234 judicabunt
491 1186 534 1234 ii,
569 1199 664 1238 quos
690 1186 755 1224 lex
785 1186 882 1238 ipsa,
913 1197 992 1224 non
1022 1198 1118 1236 quos
1149 1183 1356 1222 hominum

234 1238 369 1286 libido,
390 1239 581 1290 delegerit.
611 1240 730 1288 Quod
749 1253 838 1278 cum
868 1239 922 1277 ita
940 1239 1002 1287 sit,
1029 1238 1127 1276 mihi
1147 1237 1270 1285 crede,
1290 1249 1358 1276 ne-

235 1292 382 1331 minem
414 1292 622 1346 [invitum]
651 1293 858 1332 invitabis:
887 1307 946 1332 185
963 1293 1060 1344 ipsa,
1082 1299 1119 1330 et
1137 1291 1358 1344 reipublicae

235 1353 405 1398 tempus»,
439 1355 507 1386 aut
534 1359 598 1386 me
627 1347 758 1399 ipsum
789 1347 910 1399 (quod
945 1345 1106 1394 nolim),
1138 1353 1206 1384 aut
1234 1345 1357 1384 alium

237 1401 475 1452 quempiam,
496 1409 564 1440 aut
581 1402 771 1449 invitabit,
792 1409 860 1440 aut
878 1401 1152 1440 dehortabitur.

290 1455 488 1516 Equidem
520 1459 582 1499 (ut
609 1456 726 1507 paulo
747 1463 835 1494 ante
860 1455 958 1503 dixi)
998 1467 1075 1493 non
1104 1453 1237 1493 eadem
1266 1466 1359 1505 sup-

234 1509 350 1562 plicia
369 1521 447 1547 esse
464 1509 505 1547 in
523 1509 745 1549 hominibus
763 1509 955 1558 existimo,
971 1522 1058 1560 quae
1075 1508 1232 1547 fortasse
1245 1507 1362 1559 pleri-

237 1577 327 1616 que,
349 1563 624 1613 damnationes,
646 1564 902 1616 expulsiones,
921 1575 1055 1602 118885.
1086 1562 1251 1613 denique
1269 1561 1360 1601 nul-

237 1617 319 1656 lam
336 1617 433 1655 mihi
457 1630 612 1668 poenam
641 1618 792 1657 videtui·
815 1617 955 1656 habere
980 1617 1036 1665 id,
1067 1616 1172 1668 quod
1189 1615 1358 1657 accidere

236 1671 444 1719 innocenti,
466 1672 570 1722 quod
587 1672 691 1721 forti,
711 1671 817 1733 quod
835 1671 1010 1723 sapienti,
1033 1670 1138 1722 quod
1157 1671 1260 1708 bono
1276 1669 1358 1708 viro

238 1732 277 1764 et
295 1724 381 1771 civi,
401 1732 535 1775 potest.
566 1725 779 1765 Damnatio
805 1725 891 1787 ista,
912 1738 1001 1776 quae
1027 1724 1068 1762 in
1093 1731 1130 1762 te
1148 1723 1359 1784 1138113181,

237 1779 376 1830 obtigit
393 1779 440 1817 P.
461 1779 626 1828 Rutilio,
647 1780 752 1832 quod
771 1779 963 1832 specimen
979 1778 1116 1816 habuit
1133 1778 1215 1816 haec
1229 1777 1361 1816 civitas

236 1831 476 1873 innocentiae.
505 1833 636 1883 Major
649 1834 748 1872 mihi
761 1833 938 1883 judicum
957 1840 995 1871 81
1011 1832 1231 1894 reipublicae
1248 1843 1361 1882 poena

237 1886 307 1926 1113
324 1887 406 1925 visa
423 1894 491 1934 851,
513 1900 631 1948 quam
651 1888 805 1927 Rutilii.
833 1887 883 1926 L.
904 1886 1087 1948 Opimius
1105 1887 1246 1936 ejectus
1264 1892 1322 1923 est
1339 1897 1361 1923 e

240 1941 379 1992 patria,
399 1940 446 1988 is,
467 1941 549 1992 qui,
570 1950 708 1992 praetor
727 1950 763 1982 et
782 1941 928 1990 consul,
947 1940 1128 1979 maximis
1146 1937 1360 1990 rempubli-

241 2007 326 2034 cam
344 1995 532 2057 periculis·
540 1995 730 2034 liberarat.
761 1995 882 2035 Non
872 2008 913 2033 m
938 2007 996 2044 8ο,
1018 1995 1079 2034 881
1097 1993 1199 2032 facta
1216 2000 1272 2031 est
1299 1993 1360 2031 in-

237 2049 357 2098 juria,
378 2049 473 2088 sed
463 2061 504 2087 m
522 2049 570 2087 115
588 2050 656 2101 qui
679 2049 863 2098 fecerunt,
885 2049 1033 2088 sceleris
1051 2062 1094 2088 38
1124 2046 1362 2089 conscientiae

241 2115 355 2154 poena
372 2103 593 2155 permansit.
622 2104 695 2152 At,
711 2112 855 2152 contra,
870 2104 931 2144 bis
951 2103 1118 2142 Catilina
1136 2101 1358 2140 absolutus:

242 2157 402 2198 emissus
431 2157 546 2198 8113111
577 2158 643 2197 1118
665 2165 797 2199 auctor
815 2166 906 2198 tuus
928 2157 1148 2210 provinciae‚
1174 2167 1265 2196 cum
1282 2162 1362 2195 stu·
