1509 2397
379 61 721 104 PHILIPPICA
750 63 872 105 XIV.
903 64 1009 105 CAP.
1039 66 1078 103 5.
1221 64 1301 104 :395

227 172 304 212 IV.
334 174 429 222 Qua.
458 175 562 213 enim
592 174 633 213 in
656 175 752 214 urbe
775 182 854 213 tam
887 175 1069 214 immanis
1099 173 1300 214 Hannibal

169 228 298 279 capta,
314 242 435 281 quam
453 229 494 268 in
508 229 654 268 Parma
669 230 847 281 surrepta
858 229 1058 268 Antonius
1074 232 1091 269 ,⁹
1112 229 1187 268 nisi
1205 230 1303 270 forte

168 282 287 333 hujus
305 283 478 332 coloniae,
500 290 538 323 et
559 291 784 323 caeterarum
802 284 842 321 in
867 297 964 336 quas
985 284 1119 323 eodem
1145 291 1202 323 est
1219 285 1304 323 ani-

171 349 251 385 mo,
272 350 351 377 non
367 346 424 377 est
442 339 562 378 hostis
579 339 779 377 Antonius
798 339 1006 390 putandus.
1037 340 1080 379 Si
1098 352 1188 378 vero
1202 340 1304 379 colo-

168 392 324 431 niarum
339 400 377 432 et
396 393 700 446 municipiorum
720 394 800 432 sine
823 394 903 432 ulla
921 394 1163 433 dubitatione
1181 394 1302 434 hostis

169 454 254 494 est;
286 447 382 500 quid
411 449 570 487 tandem
593 447 712 498 hujus
737 448 895 486 censetis
924 449 1044 496 urbis,
1076 462 1196 501 quam
1222 449 1302 498 ille,

166 500 217 540 ad
249 502 459 555 explendas
489 510 679 554 egestates
711 502 902 541 latrocinii
936 503 1012 549 sui,
1044 503 1266 555 concupivit
1280 507 1298 543 Ρ

168 569 289 608 quam
316 559 414 608 jam,
442 558 588 610 peritus
618 565 782 596 metator
805 565 842 596 et
865 556 1040 604 callidus,
1067 557 1301 610 decempeda

166 612 238 650 sua
256 613 360 652 Saxa
377 612 568 652 diviserat.
610 612 899 658 Recordamini,
916 616 1001 664 (per
1014 612 1118 652 Deos
1137 613 1299 651 immor-

166 667 262 706 tales
275 667 305 713 !)
324 674 451 718 patres
464 666 680 718 conscripti,
692 667 786 719 quid
800 667 874 705 hoc
888 667 1007 706 biduo
1022 667 1266 706 timuerimus
1278 681 1301 707 a

165 720 386 761 domesticis
396 721 586 770 hostibus,
603 722 823 761 rumoribus
834 721 1127 774 improbissimis
1139 722 1302 774 dissipa-

165 775 229 814 tis.
259 776 360 825 Quis
385 777 539 824 liberos,
573 776 659 828 quis
686 778 907 827 conjugem,
932 776 1127 828 adspicere
1151 785 1301 829 poterat

164 830 247 870 sine
261 831 354 870 fletu
372 834 390 870 Ρ
411 831 498 883 quis
511 831 673 870 domum
689 834 707 870 ‚⁹
737 831 824 883 quis
837 838 935 869 tecta
951 833 967 869 Ρ
997 831 1084 884 quis
1106 832 1227 870 larem
1242 831 1302 871 fa-

165 885 358 924 miliarem
373 887 391 924 ?
419 886 449 925 J
452 899 515 924 am
535 894 603 924 aut
617 885 866 924 foedissimam
882 894 1047 924 mortem
1063 899 1210 931 omnes,
1232 895 1301 926 aut

165 940 424 983 miserabilem
442 941 594 992 fugam,
610 941 840 992 cogitabant.
874 938 972 978 Haec
987 954 1010 979 a
1024 940 1167 992 quibus
1186 941 1299 980 time-

164 995 322 1043 bantur,
343 1009 406 1034 eos
426 996 552 1034 hostes
577 995 772 1047 appellare
795 994 1051 1034 dubitamus?
1083 995 1251 1034 Gravius
1266 997 1298 1034 si

164 1050 252 1102 quis
272 1050 445 1088 attulerit
463 1062 621 1098 nomen,
633 1050 799 1089 libenter
818 1050 1025 1088 assentiar:
1057 1049 1131 1089 hoc
1146 1051 1299 1103 vulgari

164 1112 367 1144 contentus
386 1105 452 1143 vix
471 1118 559 1144 sum
576 1118 588 1150 ;
619 1105 761 1143 leviore
780 1117 858 1142 non
878 1112 978 1143 utar.

221 1159 374 1212 Itaque,
394 1172 486 1198 cum
506 1159 803 1212 supplicationes
818 1158 1065 1208 justissimas,
1082 1172 1130 1198 ex
1149 1159 1196 1198 iis
1214 1159 1302 1199 lite-

164 1214 217 1253 ris
248 1228 337 1266 quae
365 1215 533 1253 recitatae
559 1221 663 1262 sunt,
687 1214 889 1252 decernere
918 1213 1144 1262 debeamus,
1173 1214 1302 1254 Servi-

164 1268 319 1321 liusque
348 1269 583 1315 decreverit3
614 1270 765 1320 augebo
793 1268 951 1306 omnino
981 1281 1193 1308 numerum
1219 1268 1302 1309 die.

165 1336 270 1371 rum,
301 1322 514 1376 praesertim
544 1337 634 1362 cum
664 1336 742 1362 non
766 1322 849 1370 uni,
877 1322 943 1361 sed
968 1323 1091 1362 tribus
1121 1323 1299 1373 ducibus,

165 1378 243 1417 sint
264 1377 522 1418 decernendae.
553 1377 631 1418 Sed
649 1377 722 1417 hoe
740 1378 913 1430 primum
933 1377 1087 1427 faciam,
1108 1386 1153 1417 ut
1177 1378 1303 1431 impe-

165 1440 310 1472 ratores
332 1434 526 1486 appellem
550 1447 627 1482 eos,
652 1445 821 1486 quorum
844 1432 1000 1482 virtute,
1020 1432 1194 1480 consilio,
1215 1432 1302 1472 feli-

165 1487 293 1536 citate,
325 1488 509 1527 maximis
539 1487 719 1540 periculis
753 1487 944 1526 servitutis
978 1495 1095 1540 atque
1124 1487 1300 1528 interitus

165 1542 318 1582 liberati
338 1556 484 1582 sumus.
514 1543 675 1582 Etenim
694 1543 757 1581 cui
776 1541 913 1593 viginti
939 1542 1000 1581 his
1019 1542 1130 1580 annis
1150 1543 1300 1595 suppli-

164 1598 264 1636 catio
283 1597 433 1637 decreta
452 1604 523 1646 est,
540 1604 585 1636 ut
603 1609 682 1636 non
700 1597 911 1648 imperator
929 1597 1206 1649 appellaretur,
1231 1605 1300 1637 aut

164 1652 339 1691 minimis
357 1654 471 1691 rebus
489 1652 619 1704 gestis,
634 1658 702 1690 aut
715 1652 948 1704 plerumque
962 1651 1080 1689 nullis
1098 1654 1115 1690 ‚⁹
1146 1650 1301 1699 Quam-

163 1708 315 1755 obrem,
336 1714 405 1746 aut
424 1707 668 1759 supplicatio,
689 1709 738 1745 ab
769 1718 813 1744 eo
832 1706 900 1758 qui
927 1714 1017 1745 ante
1036 1705 1150 1754 dixit,
1171 1705 1302 1746 decer-

162 1762 292 1801 nenda
309 1774 388 1801 non
407 1761 484 1801 fuit
497 1776 509 1809 ς
540 1768 608 1800 aut
622 1761 787 1800 usitatus
801 1761 939 1809 honos,
953 1760 1298 1813 pervulgatusque,

164 1817 394 1856 tribuendus
422 1816 483 1867 iis,
511 1817 654 1870 quibus
680 1816 797 1855 etiam
821 1815 912 1854 novi
939 1823 976 1854 et
1001 1815 1214 1867 singulares
1233 1815 1303 1855 de-

162 1872 319 1911 bentur.

220 1926 274 1965 V.
303 1926 365 1966 At
394 1925 426 1965 si
450 1926 538 1978 quis
570 1925 853 1978 Hispanorum,
886 1930 954 1962 aut
979 1923 1201 1972 Gallorum,
1232 1932 1301 1965 aut

164 1981 383 2032 Thracum,
403 1981 513 2020 mille
532 1988 600 2020 aut
627 1981 706 2019 duo
724 1979 849 2018 millia
862 1979 1072 2027 occidisset,
1092 1991 1170 2017 non
1191 1992 1298 2028 eum,

165 2035 238 2076 hac
268 2035 546 2076 consuetudine
579 2048 669 2087 quae
704 2033 908 2081 increbuit,
935 2033 1207 2085 imperatorem
1231 2047 1300 2087 ap-

164 2091 327 2144 pellaret
345 2097 502 2130 senatus
516 2092 534 2128 ?
565 2096 622 2128 tot
646 2089 864 2141 legionibus
881 2087 1002 2136 caesis,
1029 2087 1139 2126 tanta
1163 2088 1301 2128 multi-

165 2144 303 2185 tudine
321 2143 534 2192 interfecta,
561 2144 747 2191 hostium,
775 2143 861 2182 dieo
894 2143 980 2192 (ita,
1003 2142 1181 2194 inquam,
1212 2143 1302 2183 hos.

163 2199 283 2247 tium,
314 2199 494 2252 quamvis
530 2199 604 2238 hoe
641 2198 705 2238 isti
746 2198 873 2238 hostes
906 2196 1105 2237 domestici
1142 2197 1299 2247 nolint),
