1509 2397
386 65 745 108 PHILIPPICA
765 66 841 107 IV.
863 66 968 106 Cn.
990 65 1029 104 4.
1194 63 1271 102 261

206 175 291 214 ΙΙΙ.
311 175 414 225 Quae
432 184 640 229 exspectas,
655 176 718 214 Μ.
734 175 899 223 Antoni,
909 174 1055 224 judicia
1066 171 1238 224 graviora
1252 173 1270 210 ἓ

146 229 280 268 Caesar
298 230 469 269 ferturin
487 231 640 278 coelum,
654 230 723 282 qui
735 237 865 268 contra
883 238 920 267 te
939 228 1148 266 exercitum
1168 238 1274 264 com-

149 284 321 335 paravit:
360 285 568 323 laudantur
605 283 909 336 exquisitissimis
937 281 1061 320 verbis
1089 280 1271 332 legiones,

147 350 238 390 quae
266 345 304 378 te
332 339 595 390 reliqueruntg
626 352 713 390 quae
732 352 755 376 a
773 346 810 376 te
828 336 1014 375 arcessitae
1045 343 1148 383 sunt,
1182 347 1270 385 quae

147 399 286 440 essent,
307 392 338 431 si
357 400 394 431 te
412 394 610 431 consulem
630 406 748 444 quam
768 392 917 429 hostem
929 389 1167 434 maluissent,
1180 396 1270 425 tuae.

149 445 328 493 Quarum
348 447 546 498 legionum
565 447 816 485 fortissimum
836 445 1154 494 verissimumque
1166 442 1272 491 judi-

147 499 252 538 cium
267 501 469 539 confirmat
483 509 651 548 senatus,
662 501 884 551 comprobat
894 499 1093 537 universus
1104 496 1272 548 populus

147 552 367 603 Romanus,
394 555 468 594 nisi
497 555 592 594 forte
623 568 702 602 vos,
741 554 927 602 Quirites,
954 551 1163 597 consulem,
1195 561 1273 587 non

146 606 311 655 hostem,
335 609 515 659 judicatis
545 609 779 647 Antonium.
825 608 887 646 Sic
918 606 1141 651 arbitrabar,
1170 603 1271 651 Qui-

146 661 249 711 rites,
271 676 337 701 vos
352 663 538 713 judicare,
558 671 603 701 ut
624 662 831 701 ostenditis.
873 661 1014 709 Quid?
1042 657 1269 709 municipia,

146 716 326 764 colonias,
356 718 615 769 praefecturas,
636 730 732 755 num
761 717 871 754 aliter
887 715 1058 765 judicare
1078 712 1236 752 censetis
1251 714 1269 750 Σ)

147 769 297 809 Omnes
315 772 496 810 mortales
508 772 588 810 una
605 778 734 809 mente
749 769 1004 816 consentiunt,
1020 768 1150 806 omnia
1165 779 1273 804 arma

147 836 294 872 eorum,
316 825 385 876 qui
399 825 481 864 haec
496 826 600 864 salva
613 825 744 872 velint,
759 832 889 862 contra
903 823 1011 861 illam
1025 829 1170 874 pestem
1192 833 1273 858 esse

146 878 341 929 capienda.
399 879 508 927 Quid
525 882 542 918 Ρ
583 880 637 917 D.
676 879 793 918 Bruti
838 877 1044 928 judicium,
1083 875 1270 924 Quirites,

147 932 271 983 (quod
298 946 346 971 ex
373 933 557 972 hodierno
586 935 668 984 ejus
696 933 818 972 edicto
845 932 1057 984 perspicere
1075 928 1270 981 potuistis)

145 997 243 1025 num
272 987 334 1025 cui
359 988 513 1026 tandem
539 987 862 1026 contemnendum
881 986 1063 1024 videtur?
1094 985 1214 1022 Recte
1234 990 1271 1020 et

147 1053 234 1079 vere
252 1042 413 1092 negatis,
435 1042 619 1090 Quirites.
648 1042 721 1080 Est
740 1042 842 1080 enim
867 1040 977 1092 quasi
996 1039 1171 1077 Deorum
1196 1037 1271 1074 im-

146 1096 370 1134 mortalium
396 1096 580 1135 beneficio
613 1104 650 1135 et
685 1109 845 1134 munere
877 1095 1013 1132 datum
1050 1092 1271 1144 reipublicae

146 1148 363 1188 Brutorum
391 1163 512 1201 genus
546 1158 583 1189 et
614 1163 771 1197 nomen,
806 1150 854 1188 ad
886 1149 1102 1187 libertatem
1135 1145 1271 1198 populi

148 1202 319 1242 Romani
339 1205 399 1242 vel
417 1205 722 1243 constituendam
742 1205 802 1243 vel
821 1202 1131 1254 recuperandam.
1161 1199 1272 1247 Quid

146 1256 266 1307 igitur
285 1257 338 1295 D.
355 1259 502 1297 Brutus
517 1259 564 1296 de
583 1259 644 1297 Μ.
672 1258 846 1296 Antonio
862 1257 1079 1307 judicavit?
1110 1254 1272 1293 exclusit

146 1311 369 1362 provincia:
401 1313 568 1350 exercitu
594 1313 764 1351 obstitit:
798 1311 968 1350 Galliam
994 1317 1115 1348 totam
1142 1309 1272 1346 horta-

146 1371 210 1402 tur
230 1366 279 1404 ad
305 1367 467 1415 bellum,
487 1367 612 1418 ipsam
631 1367 702 1405 sua
721 1374 855 1418 sponte
874 1377 1019 1417 suoque
1035 1363 1179 1413 judicio
1204 1375 1273 1400 ex-

144 1418 314 1458 citatam.
347 1421 388 1458 Si
408 1422 541 1459 consul
559 1421 771 1469 Antonius,
793 1421 940 1458 Brutus
959 1419 1101 1457 hostis:
1133 1417 1164 1455 si
1182 1428 1271 1455 con-

146 1481 314 1512 servator
332 1474 552 1526 reipublicae
578 1476 740 1522 Brutus,
764 1474 883 1513 hostis
901 1473 1112 1512 Antonius.
1157 1472 1271 1510 Num

144 1526 277 1578 igitur,
293 1536 427 1566 utrum
445 1529 585 1567 horum
599 1529 660 1576 sit,
677 1529 852 1567 dubitare
870 1540 1073 1579 possumus
1088 1528 1106 1564 Ρ

200 1581 276 1621 IV.
297 1584 447 1634 Atque,
462 1592 505 1621 ut
517 1596 583 1622 vos
597 1582 675 1621 unzi
687 1590 815 1621 mente
826 1583 983 1633 unaque
995 1594 1084 1619 voce
1096 1579 1272 1618 dubitare

144 1647 212 1674 vos
223 1637 369 1687 negatis
380 1651 391 1682 ;
414 1636 466 1675 sic
479 1637 594 1676 modo
607 1637 771 1676 decrevit
783 1644 948 1684 senatus,
959 1635 1011 1673 D.
1020 1635 1190 1673 Brutum
1203 1647 1273 1685 op.

145 1689 240 1728 time
258 1691 305 1729 de
324 1691 521 1743 republica
539 1692 690 1738 mereri,
711 1704 801 1730 cum
821 1693 972 1729 senatus
992 1689 1271 1736 auctoritatem,

144 1745 356 1797 populique
369 1745 539 1784 Romani
549 1746 765 1784 libertatem
779 1745 1078 1796 imperiumque,
1095 1742 1275 1781 defende.-

143 1797 206 1836 rit.
226 1799 267 1836 A
281 1812 358 1850 quo
373 1799 610 1839 defenderit?
631 1812 770 1851 nempe
784 1801 832 1837 ab
846 1800 964 1837 hoste.
987 1798 1089 1845 Quae
1101 1805 1157 1835 est
1168 1797 1272 1834 enim

146 1852 222 1889 alja
239 1853 434 1891 laudanda
451 1853 646 1892 defensio?
668 1853 860 1904 Deinceps
880 1852 1060 1890 laudatur
1078 1850 1273 1903 provincia

148 1905 298 1952 Gallia;
315 1908 527 1959 meritoque
533 1917 690 1946 ornatur
698 1907 823 1946 verbis
836 1905 1083 1958 amplissimis
1093 1919 1115 1943 a
1122 1912 1271 1952 senatu,

147 1960 251 2010 quod
262 1961 409 2000 resistat
420 1962 594 2000 Antonio
609 1977 619 2000 z
650 1975 768 2013 quem
783 1961 815 2000 si
826 1962 1022 2000 consulem
1032 1960 1100 1996 ina
1118 1958 1273 2010 provin-

146 2013 206 2051 cia
216 2022 382 2065 putaret,
396 2028 521 2067 neque
536 2029 625 2054 eum
637 2016 832 2067 reciperet,
848 2027 991 2065 magno
1003 2014 1138 2052 scelere
1151 2026 1190 2050 se
1205 2011 1273 2049 ad÷

145 2067 356 2119 stringeret.
378 2069 527 2108 Omnes
542 2070 645 2108 enim
660 2071 700 2107 in
713 2069 879 2108 consulis
889 2070 975 2118 jure
987 2075 1024 2106 et
1035 2067 1194 2118 imperio
1206 2065 1272 2104 de-

144 2121 238 2159 bent
249 2135 327 2162 esse
338 2123 554 2175 provinciae.
586 2125 716 2175 Negat
734 2124 806 2162 hoe
818 2123 870 2160 D.
887 2123 1035 2161 Brutus
1049 2122 1270 2172 imperator,

146 2176 277 2214 consul
284 2177 518 2229 designatus,
528 2185 642 2217 natus
649 2177 868 2229 reipublicae
877 2176 967 2216 citis
978 2190 989 2222 3
1003 2184 1118 2227 negat
1125 2174 1270 2222 Gallia,
