1555 2433
402 110 517 150 PRO
545 108 756 149 fflknBO.
787 108 892 147 CAP.
924 111 961 147 8.
1216 110 1243 147 9

129 217 362 271 perpoliendi
391 218 601 269 quemdam
639 217 762 269 operis
791 223 1008 255 extremum
1044 215 1242 262 laborem;

128 280 216 324 peto
234 286 257 310 a
270 272 388 320 vobis,
404 279 449 310 ut
460 285 536 320 me,
552 271 665 310 officii
676 272 802 323 potius
813 283 931 321 quam
943 269 1092 308 dicendi
1104 269 1245 319 studio,

129 327 227 365 hanc
245 327 452 377 suscepisse
469 339 623 377 operam
643 339 686 363 ac
703 337 861 371 munus,
881 324 1034 376 putetis.

182 381 246 418 Ac
263 380 382 431 prius,
403 394 521 432 quam
540 379 737 430 aggrediar
756 378 804 416 ad
820 380 884 428 jus
905 390 1134 429 causamque
1147 376 1243 415 Cor-

130 434 234 482 nelii,
251 433 435 485 quiddam
455 434 501 472 de
520 433 716 472 communi
735 432 947 470 conditione
965 432 1141 470 omnium
1159 443 1247 469 nos-

129 490 246 536 trum,
269 488 513 539 deprecandae
526 486 803 525 malevolentiae
822 487 949 533 causa,
965 485 1128 524 breviter
1142 497 1245 523 com-

130 542 423 580 memorandum
436 542 595 580 videtur.
626 541 681 588 Si,
703 553 779 592 quo
794 540 956 591 quisque
974 540 1055 577 loco
1074 541 1247 577 nostrum

131 603 200 642 est,
217 595 377 645 judices,
391 603 516 644 natus,
531 602 611 644 aut,
629 595 674 640 si,
690 595 731 631 in
745 595 823 646 qua
837 594 991 632 fortuna
1005 600 1061 632 est
1071 593 1250 631 nascendi

131 649 239 687 initio
258 650 498 697 constitutus,
518 650 622 687 hunc
640 649 727 686 vitae
746 656 889 686 statum
908 661 1030 700 usque
1048 647 1097 685 ad
1122 659 1249 685 senec-

132 710 256 741 tutem
275 704 444 741 obtinere
463 703 599 749 debet3
631 710 680 750 et,
703 703 733 740 si
747 715 893 749 omnes,
910 715 1005 753 quos
1017 708 1083 739 aut
1095 701 1251 739 fortuna

132 758 283 805 extulit,
315 765 383 795 aut
410 757 579 809 ipsorum
607 756 811 795 illustravit
842 756 949 794 labor
982 762 1019 793 et
1047 754 1250 802 industria,

133 811 246 862 poena
264 820 354 849 sunt
367 811 554 850 afficiendi
567 824 579 857 ς
610 823 686 849 non
701 810 850 861 gravior
863 810 910 848 L.
925 809 1116 855 Cornelio,
1130 821 1250 859 quam

133 865 266 903 multis
279 865 368 903 viris
386 866 495 903 bonis
514 876 629 916 atque
646 865 823 912 fortibus,
844 864 1022 902 constitui
1038 864 1101 901 lex
1112 863 1200 901 vitae
1213 870 1251 900 et

133 919 297 958 conditio
315 919 475 957 videtur.
519 920 587 958 Sin
607 926 737 957 autem
755 919 968 956 multorum
987 918 1121 963 virtus,
1141 916 1250 966 inge-

133 973 258 1022 nium,
277 973 510 1021 humanitas,
527 987 574 1011 ex
593 973 726 1011 infimo
740 985 876 1023 genere
892 980 928 1010 et
939 972 1103 1009 fortunae
1113 970 1250 1021 gradu,

132 1039 211 1065 non
229 1027 345 1065 modo
364 1027 547 1066 amicitias
567 1035 604 1065 et
621 1027 676 1065 rei
693 1026 891 1064 familiaris
911 1026 1036 1077 copias
1055 1031 1254 1063 consecuta

133 1088 203 1128 est,
224 1081 289 1119 sed
308 1094 501 1119 summam
519 1081 688 1128 laudem,
706 1081 879 1127 honores,
895 1079 1071 1130 gloriam,
1088 1078 1255 1129 dignita-

134 1142 233 1181 tem3
253 1147 330 1174 non
345 1135 530 1187 intelligo,
547 1149 614 1173 eur
626 1135 754 1186 potius
772 1134 915 1172 invidia
933 1133 1119 1172 violatura
1132 1132 1253 1170 virtu-

133 1195 212 1226 tem
231 1189 280 1227 L.
308 1189 490 1236 Cornelii,
510 1202 629 1241 quam
648 1189 806 1240 aequitas
825 1196 947 1226 vestra
965 1187 1151 1238 pudorem
1171 1187 1254 1234 ejus

135 1242 328 1292 adjutura,
347 1242 532 1281 videatur.
562 1244 714 1294 Itaque,
732 1242 835 1294 quod
853 1241 1023 1279 maxime
1042 1240 1252 1292 petendum

136 1303 205 1344 est,
221 1310 244 1334 a
261 1297 367 1340 vobis
385 1296 522 1335 idcirco
537 1309 615 1334 non
627 1304 728 1347 peto,
746 1296 908 1345 judices,
929 1307 977 1332 ne
997 1294 1043 1331 de
1058 1293 1181 1332 vestra
1193 1306 1253 1330 sa-

136 1349 294 1400 pientia,
315 1357 430 1401 atque
448 1350 495 1388 de
514 1350 638 1388 vestra
651 1348 904 1394 humanitate,
926 1348 1099 1386 dubitare
1111 1346 1251 1384 videar.

136 1403 211 1441 Est
222 1410 350 1441 autem
362 1404 588 1454 petendum,
601 1416 649 1441 ne
661 1402 812 1440 oderitis
823 1401 1036 1451 ingenium,
1049 1413 1097 1437 ne
1108 1400 1255 1438 inimici

136 1457 216 1494 sitis
227 1457 437 1502 industriae,
447 1469 496 1495 ne
506 1456 786 1495 humanitatem
799 1454 1105 1505 opprimendam,
1118 1466 1167 1491 ne
1179 1453 1255 1491 vir-

138 1518 261 1548 tutem
275 1510 524 1562 puniendam,
544 1510 697 1561 putetis.
727 1509 834 1546 Illud
852 1516 953 1559 peto,
974 1516 1032 1555 ut,
1050 1508 1082 1545 si
1100 1520 1255 1545 causam

137 1564 261 1615 ipsam
279 1577 347 1616 per
366 1577 406 1602 se
424 1563 577 1601 firmam
590 1577 668 1602 esse
686 1571 723 1601 et
742 1563 918 1600 stabilem
932 1561 1114 1609 videritis,
1129 1561 1256 1598 homi-

137 1619 196 1656 nis
214 1618 334 1669 ipsius
352 1625 576 1656 ornamenta
594 1618 818 1667 adjumento
838 1628 960 1654 causae
977 1615 1119 1667 potius,
1136 1627 1256 1666 quam

137 1672 424 1723 impedimento,
445 1685 524 1710 esse
541 1671 696 1709 malitis.

191 1726 317 1764 VIII.
346 1726 543 1773 Nascitur,
553 1725 714 1775 judiees,
729 1737 842 1762 causa
857 1723 1025 1762 Cornelii
1037 1736 1085 1761 ex
1097 1721 1141 1760 e'a
1154 1722 1255 1773 lege,

140 1792 258 1831 quam
277 1780 326 1818 L.
348 1779 510 1828 Gellius,
525 1780 596 1818 Cn.
614 1778 827 1824 Cornelius,
848 1790 895 1815 ex
908 1779 1056 1815 senatfis
1071 1776 1257 1815 sententia

138 1833 333 1871 tulerunt:
364 1834 442 1885 qua
459 1834 556 1884 lege,
577 1833 766 1880 videmus,
787 1831 875 1869 satis
894 1844 972 1869 esse
991 1837 1178 1877 sanetum,
1199 1830 1258 1867 uti

140 1886 238 1925 cives
257 1887 426 1925 Romani
445 1887 520 1925 sint
548 1887 590 1935 ii,
612 1899 707 1938 quos
726 1885 798 1924 Cn.
819 1884 1027 1936 Pompeius
1046 1883 1093 1922 de
1112 1883 1259 1922 consilii

141 1940 326 1979 sententia
345 1941 568 1992 singillatim
595 1941 744 1979 civitate
761 1938 924 1977 donarit.
958 1937 1158 1975 Donatum
1178 1950 1259 1975 esse

140 1993 190 2032 L.
212 1994 433 2033 Cornelium
451 2007 615 2046 praesens
628 1993 836 2045 Pompeius
854 1992 970 2037 dicit3
1000 1991 1169 2030 indicant
1182 1994 1258 2042 Pu-

141 2047 250 2086 blicae
267 2049 432 2087 tabulae:
461 2056 654 2088 accusator
682 2048 821 2085 fatetur
837 2060 850 2092 ;
880 2046 946 2084 sed
965 2053 1093 2096 negat,
1122 2058 1169 2083 ex
1188 2045 1257 2082 foe-
1290 2068 1293 2069 ν

143 2100 270 2139 derato
297 2103 441 2153 populo
470 2114 706 2154 quemquam
723 2099 905 2153 potuisse,
925 2098 999 2137 nisi
1026 2099 1059 2136 is
1088 2099 1258 2151 populus

139 2152 280 2193 fundus
294 2155 416 2196 factus
433 2163 542 2205 esset,
559 2156 599 2194 in
618 2156 717 2194 hanc
736 2154 929 2193 civitatem
948 2152 1088 2192 venire.
