1509 2397
253 111 327 148 162
491 109 606 149 PRO
635 111 895 151 LIGARIO.
926 110 1031 150 CAP.
1064 112 1126 150 12.v
1151 109 1154 111 ’

250 217 375 267 qualis
391 217 440 256 T.
459 217 652 269 Ligarius,
672 226 835 271 quaestor
845 221 1029 267 urbanus,
1044 219 1160 258 fuerit
1171 233 1261 272 erga
1276 229 1314 261 te
1326 230 1363 262 et

250 271 475 333 dignitatem
490 280 610 310 tuam.
641 273 716 312 Sed
726 286 864 324 pamm
879 281 946 318 est,
960 286 1023 310 me
1037 273 1108 312 hoc
1118 275 1359 314 meminisse:

251 336 361 375 spero
379 326 493 364 etiam
512 332 562 374 te,
584 327 669 378 (qui
687 327 855 365 oblivisci
870 301 966 364 nihil
981 327 1090 376 soles,
1102 327 1176 365 nisi
1189 329 1360 390 injurias,

251 379 434 428 quoniam
451 380 523 418 hoc
541 388 596 418 est
614 381 747 428 animi,
774 380 956 432 quoniam
985 380 1100 418 etiam
1124 381 1267 432 ingenii
1288 383 1363 430 tui)

251 438 302 479 te,
323 433 468 484 aliquid
487 433 533 471 de
552 434 668 482 hujus
686 435 753 472 illo
773 434 973 485 quaestorio
984 433 1106 472 officio
1119 435 1362 496 cogitantem,

252 485 366 524 etiam
381 487 427 525 de
439 487 522 524 31115
535 487 763 537 quibusdam
783 488 1034 538 quaestoribus
1045 489 1362 538 reminiscentem,

251 540 450 578 recordari.
482 541 559 578 Hic
579 541 695 591 igitur
714 542 764 579 T.
780 541 972 592 LigariuS,
994 542 1062 592 qui
1080 549 1164 579 tum
1179 542 1365 594 nihilegit

251 592 358 630 aliud
378 598 518 645 (neque
537 595 640 632 enim
654 595 735 633 haec
753 595 963 641 divmabat)
983 595 1056 632 nisi
1067 602 1111 633 ut
1125 603 1167 633 tu
1184 609 1273 634 eum
1286 605 1366 635 stu-

252 645 402 684 diosum
419 649 475 685 tui
494 656 530 686 et
547 649 694 686 bonum
713 649 839 686 virum
855 648 1056 697 judicares,
1075 661 1179 688 nunc
1191 663 1214 687 a
1227 657 1264 688 te
1277 664 1369 702 sup-

251 700 342 750 plex
362 701 488 740 fratris
513 702 675 739 salutem
694 703 800 753 petit.
841 702 987 749 Quam,
1018 701 1134 751 hujus
1151 703 1368 742 admonitus

252 753 388 801 officio,
410 768 498 793 cum
517 756 688 807 utrisque
706 756 764 794 his
784 756 954 816 dederis,
965 763 1039 793 tres
1055 756 1189 795 fratres
1207 757 1370 808 optimos

253 814 290 844 et
307 807 583 859 integerrimos,
604 822 682 847 non
701 811 825 848 solum
852 809 923 847 sibi
944 809 1058 860 ipsos,
1089 822 1214 861 neque
1236 811 1295 849 his
1313 819 1371 849 tot

252 873 296 899 ac
310 862 450 901 talibus
462 863 566 911 111-15,
580 875 705 914 neque
719 863 828 901 nobis
839 863 1054 901 necessariis
1065 864 1158 912 suis,
1173 864 1238 902 sed
1252 865 1368 903 etiam

252 914 483 965 reipublicae,
498 917 777 955 condonaveris

307 969 340 1006 F
343 983 385 1007 ac
404 970 534 1020 igitur,
555 971 659 1022 quod
677 971 724 1008 de
742 971 898 1008 homine
919 971 1155 1010 nobilissimo
1181 979 1218 1010 et
1239 973 1368 1011 claris-

254 1022 350 1060 simo
370 1024 431 1061 M.
454 1024 640 1062 Marcello
657 1024 777 1062 fecisti
795 1036 916 1075 nuper
934 1024 974 1062 in
1002 1025 1121 1073 curia,
1141 1038 1244 1064 nunc
1264 1027 1369 1065 idem

251 1076 293 1113 in
311 1076 393 1115 foro
412 1077 458 1115 de
484 1078 637 1129 optimis
657 1086 693 1116 et
711 1078 801 1116 huic
819 1079 924 1115 omni
942 1079 1165 1129 frequentiae
1182 1080 1369 1130 probatis-¹

252 1130 359 1168 simis
377 1131 569 1170 fratribus.
611 1133 667 1170 Ut
688 1131 901 1170 concessisti
925 1132 1039 1169 illum
1058 1133 1218 1181 senatui,
1246 1134 1300 1172 510
1317 1134 1367 1172 da

251 1184 355 1222 hunc
377 1185 535 1236 populo,
560 1187 669 1235 cujus
692 1186 927 1224 voluntatem
955 1186 1188 1224 carissimam
1218 1200 1367 1238 semper

251 1238 445 1276 habuisti:
477 1247 527 1287 et,
559 1240 590 1277 si
608 1240 673 1277 ille
692 1239 772 1277 dies
801 1239 872 1276 tibi
896 1239 1202 1289 gloriosissimus,
1225 1242 1369 1292 populo

253 1293 433 1331 Romano
457 1293 693 1343 gratissimus
725 1292 825 1337 fuit,
859 1293 952 1340 noli,
979 1295 1145 1341 obsecro,
1179 1294 1371 1343 dubitare,

253 1347 324 1385 cai
344 1345 484 1394 Caesar,
506 1347 671 1384 similem
699 1347 757 1384 1111
782 1346 912 1397 gloriae
929 1346 1082 1384 laudem
1103 1360 1221 1398 quam
1240 1349 1369 1400 saepis-

253 1401 350 1438 sime
375 1413 553 1451 quaerere.
594 1400 708 1438 Nihil
727 1409 784 1438 est
802 1400 904 1438 enim
923 1408 1002 1439 tam
1032 1401 1229 1452 populare,
1249 1415 1369 1453 quam

251 1454 424 1492 bonitas:
455 1454 564 1492 nulla
582 1454 628 1492 de
647 1455 851 1492 virtutibus
869 1453 945 1492 tuis
963 1454 1139 1505 plurimis
1157 1467 1226 1493 1100
1244 1455 1367 1494 admi-

252 1508 406 1546 rabilior
430 1520 500 1545 nec
517 1508 661 1558 gratior
677 1507 932 1546 misericordia
951 1515 1017 1546 esst.
1058 1508 1247 1548 Homines
1265 1510 1369 1548 enim

252 1562 302 1599 ad
325 1561 429 1600 Deos
456 1562 566 1599 nulla
590 1575 630 1599 re
659 1562 816 1613 propius
837 1561 1034 1610 accedunt,
1060 1575 1178 1613 quam
1205 1563 1369 1602 salutem

251 1615 473 1654 hominibus
487 1615 624 1654 dando.
654 1616 767 1653 Nihil
781 1616 896 1653 habet
906 1627 975 1654 1100
986 1615 1139 1653 fortuna
1157 1623 1224 1654 tua
1241 1618 1368 1666 majus

252 1682 371 1720 quam
390 1677 434 1706 ut
451 1669 586 1720 possis,
606 1682 676 1708 nec
694 1677 831 1707 natura
857 1676 924 1706 tua
950 1669 1087 1707 melius
1105 1682 1223 1720 quam
1242 1677 1286 1708 ut
1303 1683 1368 1708 ve·

251 1723 314 1770 lis,
344 1735 490 1761 servare
519 1736 637 1774 quarn
661 1723 858 1774 plurimos.
899 1722 1131 1774 Longiorem
1160 1724 1369 1763 orationem

253 1790 366 1815 031153
383 1775 540 1814 forsitan
559 1777 739 1827 postulat,
766 1784 834 1814 tua
855 1784 954 1816 certe
977 1783 1115 1814 natura
1142 1777 1366 1824 breviorem.

253 1831 399 1878 Quare,
419 1843 508 1868 cum
526 1830 658 1868 utilius
673 1844 752 1868 esse
770 1830 942 1880 arbitrer,
956 1838 994 1869 te
1011 1830 1153 1881 ipsum,
1170 1844 1289 1882 quam
1301 1838 1368 1870 aut

252 1896 316 1922 me
330 1892 397 1922 aut
415 1896 663 1936 quemquam,
683 1885 790 1935 loqui
808 1892 948 1932 tecum,
969 1884 1086 1922 finem
1102 1885 1184 1933 jam
1201 1884 1338 1923 faciam
1350 1899 1363 1923 z

251 1945 404 1976 tantum
416 1946 453 1977 te
465 1938 594 1990 ipsum
608 1938 834 1985 admonebo,
848 1939 880 1976 si
893 1938 952 1976 illi
963 1937 1109 1976 absenti
1124 1938 1286 1978 salutem
1301 1938 1366 1978 de·-

253 1992 365 2043 deris,
376 1992 631 2045 rpraesentibus
650 1991 710 2031 his
723 1992 902 2031 omnibus
920 1999 958 2031 te
971 1992 1164 2031 datm-um.
