1509 2397
394 61 735 100 PHILIPPICA
766 61 824 99 11.
856 62 960 100 CAP.
996 63 1055 100 15.
1207 63 1281 103 211

216 170 358 209 Nescio
375 169 470 221 quid
489 171 737 208 conturbatus
761 170 859 207 mihi
878 183 957 208 esse
975 170 1123 208 vvideris.
1153 170 1287 208 Num-

163 224 259 277 quid
277 223 474 272 subtimes,
501 236 550 262 ne
571 223 621 261 ad
639 230 676 262 te
693 223 765 262 hoc
790 224 935 262 crimen
953 224 1140 275 pertinere
1158 224 1287 262 videa-

161 278 254 317 tur?
292 278 434 316 Libero
455 285 493 316 te
516 285 652 315 metu·
683 290 797 316 nemo
819 277 944 316 credet
969 290 1168 339 unquam.
1208 290 1286 316 non

161 340 219 371 est
236 340 349 370 tuum
368 332 415 370 de
433 331 630 392 republica
639 333 736 370 bene
754 332 916 370 mereri:
945 331 1083 369 habet
1073 331 1182 370 istius
1196 332 1287 384 pul-

162 386 340 426 cherrimi
359 386 450 424 facti
478 385 704 424 clarissimos
728 386 826 424 viros
851 386 1067 436 respublica
1091 394 1282 424 auctores·

161 453 232 492 ego
250 447 288 479 te
307 447 458 478 tantum
473 440 640 490 gaudere
659 439 768 486 (110ος
798 439 929 478 fecisse
948 452 1025 477 non
1044 453 1175 489 arguo.
1207 440 1285 478 Re-

162 494 299 546 spondi
316 494 499 532 maximis
514 493 736 533 criminibus
753 509 762 532 :
794 506 898 533 nunc
916 493 1032 532 etiam
1050 470 1207 545 reliquis
1226 506 1286 531 re-

162 549 430 601 spondendum
450 558 517 588 est.

216 603 312 641 XV.
344 602 479 641 Castra
497 602 595 640 mihi
613 602 804 653 Pompeii,
821 610 936 654 atque
949 602 1049 640 illud
1063 615 1176 640 omne
1188 609 1286 640 tem-

163 671 251 709 pus,
266 657 447 706 objecisti.
469 656 561 704 Quo
577 657 734 707 quidem
746 664 917 708 tempore
929 657 961 694 si
974 660 1034 700 (ut
1043 656 1140 704 dixi)
1153 669 1288 694 meum

162 711 364 750 consilium
384 711 662 762 auctoritasque
687 711 890 756 valuisset3
921 719 964 748 tu
991 710 1105 749 hodie
1135 723 1262 761 egeres
1270 724 1284 755 ,;

162 778 232 804 nos
251 765 363 804 liberi
377 778 569 810 essemus;
600 765 813 816 respublica
827 777 905 803 non
923 772 979 803 tot
998 764 1112 803 duces
1127 773 1164 802 et
1179 777 1286 802 exer-

162 820 260 858 citus
276 819 474 858 amisisset.
504 819 642 857 Fateor
662 819 780 865 enim,
800 832 877 867 me,
898 831 988 857 cum
1008 832 1065 866 ea,
1087 832 1174 870 quae
1188 818 1285 856 acci-

160 873 312 921 derunt,
332 873 571 934 providerem
589 873 734 920 futura,
762 873 870 911 tanta
888 873 929 910 in
947 872 1128 911 moestitia
1152 872 1284 920 fuisse,

160 928 307 980 quanta
325 927 450 966 caeteri
462 927 599 979 optimi
614 927 726 975 cives,
748 927 779 965 si
792 927 896 965 idem
914 927 1180 978 providissent,
1189 927 1285 964 fuis-

160 990 256 1020 sent.
292 981 500 1029 Dolebam,
520 981 712 1030 dolebam,
739 989 864 1042 patres
883 981 1098 1032 conscripti,
1127 994 1285 1031 rempu-

159 1036 316 1085 blicam,
337 1036 470 1074 vestris
489 1035 685 1087 quondam
703 1036 877 1087 meisque
896 1035 1059 1074 consiliis
1087 1048 1285 1074 conserv—a

157 1098 254 1139 tam,
272 1090 380 1129 brevi
397 1097 568 1152 tempore
580 1103 658 1128 0550
672 1090 893 1142 perituram.
923 1090 1065 1141 Neque
1076 1103 1164 1128 vero
1180 1102 1285 1128 eram

158 1152 240 1183 tam
257 1145 462 1184 indoctus
451 1157 683 1196 lgnarusque
707 1157 851 1193 rerum,
872 1152 916 1183 ut
941 1143 1134 1195 frangerer
1152 1144 1284 1182 animo

158 1206 313 1251 propter
331 1198 420 1237 vitae
438 1198 701 1250 cupiditatem,
722 1212 809 1250 quae
827 1212 891 1237 me
909 1211 1068 1236 manens
1087 1198 1286 1236 conficeret

159 1254 380 1304 angoribus,
393 1252 525 1290 (11111155
511 1266 563 1300 50,
579 1253 764 1291 molestiis
777 1253 956 1291 omnibus
969 1253 1157 1291 liberaret.
1187 1252 1285 1289 Illos

161 1320 232 1358 ego
250 1307 578 1359 praestantissimos
597 1306 710 1355 viros,
735 1306 886 1345 lumina
903 1307 1136 1358 reipublicae,
1156 1305 1284 1344 vivere

160 1362 351 1409 volebam,
372 1368 429 1399 tot
447 1361 676 1409 consulares,
689 1367 746 1398 tot
762 1362 971 1412 praetorios,
991 1368 1048 1398 tot
1065 1359 1285 1398 honestissi-

159 1428 244 1454 mos
263 1423 465 1462 senatores,
485 1427 640 1452 omnem
659 1421 841 1476 praeterea
858 1415 991 1453 florem
1010 1414 1218 1453 nobilitatis
1241 1426 1287 1452 ac

155 1469 386 1520 juventutis,
405 1477 493 1507 tum
508 1469 745 1535 optimorum
764 1469 906 1507 civium
926 1469 1136 1507 exercitus:
1169 1468 1237 1520 qui
1251 1468 1284 1506 si

159 1524 344 1573 viverent,
360 1523 537 1575 quamvis
548 1522 683 1574 iniqua
695 1523 909 1562 conditione
919 1523 1036 1573 pacis,
1052 1523 1164 1566 (mihi
1180 1521 1286 1560 enim

160 1578 287 1617 omnis
304 1591 383 1629 pax
402 1590 493 1616 cum
513 1577 658 1615 civibus
675 1578 778 1616 bello
797 1576 900 1615 civili
918 1577 1048 1615 utilior
1066 1577 1285 1624 videbatur)

160 1632 441 1684 rempublicam
458 1631 573 1670 hodie
591 1639 816 1670 teneremus.
846 1631 948 1679 Quae
966 1631 1152 1669 sententia
1170 1630 1203 1669 51
1220 1643 1287 1668 va-

160 1687 307 1736 luisset,
320 1699 364 1725 ac
375 1699 454 1725 non
472 1685 500 1724 11
518 1686 690 1724 maxime
702 1685 815 1733 mihi,
830 1698 997 1737 quorum
1009 1698 1079 1736 ego
1093 1685 1181 1723 vitae
1193 1697 1284 1723 con-

162 1741 350 1789 sulebam,
391 1753 458 1792 spe
487 1739 654 1779 victoriae
691 1740 794 1788 elati,
833 1739 1091 1786 obstitissent3
1127 1746 1172 1777 ut
1208 1739 1285 1778 alia

162 1795 356 1844 omittam,
376 1802 420 1833 tu
438 1803 537 1833 certe
550 1807 753 1847 nunquam
766 1794 809 1832 in
825 1794 898 1832 hoc
917 1793 1063 1844 ordine,
1079 1794 1140 1833 vel
1156 1793 1286 1846 potius

161 1849 205 1889 in
221 1850 295 1888 hac
311 1851 420 1897 urbe,
440 1848 653 1888 mansisses.

219 1904 279 1942 At
292 1917 381 1943 vero
399 1903 472 1942 Cn.
489 1903 668 1955 Pompeii
681 1904 918 1942 voluntatem
932 1917 956 1941 a
968 1916 1032 1941 me
1046 1902 1289 1942 abalienabat

164 1958 284 1997 oratio
294 1971 394 1996 mea.
414 1958 484 1996 An
494 1957 560 1996 ille
575 1971 812 2010 quemquam
823 1958 912 2009 plus
922 1957 1084 1996 dilexit?
1105 1969 1194 1995 cum
1204 1957 1288 1995 ullo

163 2022 235 2051 aut
253 2025 444 2051 sermones
463 2019 530 2050 aut
549 2013 705 2051 consilia
714 2012 875 2051 contulit
887 2012 1056 2063 saepius?
1085 2011 1190 2072 quod
1202 2011 1290 2063 qui-

168 2066 259 2104 dem
277 2074 357 2105 erat
374 2079 578 2117 magnum,
592 2067 640 2105 de
653 2080 808 2105 summa
826 2080 866 2105 re
884 2065 1185 2113 dissentientes,·
1174 2078 1216 2103 111
1228 2079 1292 2104 ea-

167 2119 257 2159 dem
285 2120 558 2160 consuetudine
582 2121 759 2159 amicitiae
781 2133 1016 2173 permanere.
1056 2119 1133 2158 Sed
1150 2126 1188 2157 et
1206 2133 1292 2171 ego,

168 2173 264 2226 quid
281 2174 361 2225 1110,
382 2182 419 2215 et
437 2183 568 2215 contra
585 2176 665 2226 ille,
685 2175 781 2228 quid
799 2188 870 2227 ego
889 2174 1070 2215 sentirem
1086 2181 1124 2214 ct
1149 2183 1292 2228 specta-
