1509 2397
250 113 303 151 33
505 116 620 157 PRO
650 118 899 158 MILONE.
931 118 1038 157 CM».
1070 116 1109 157 8.

246 222 452 273 occidisset,
473 239 549 264 non
568 226 650 266 haec
668 227 793 266 solum
822 227 967 276 civitas,
993 227 1059 266 sed
1086 233 1218 278 gentes
1234 237 1368 266 omnoe

246 277 504 318 concidissent.
536 281 624 319 Nisi
655 282 765 328 forte,
797 282 888 333 quia
916 281 1081 333 perfecta
1105 294 1166 319 res
1186 292 1265 319 non
1294 288 1365 329 est,

246 342 323 368 non
341 331 416 370 fuit
434 334 628 385 punienda
644 349 656 381 3
685 336 843 387 perinde
861 336 971 386 quasi
989 336 1114 374 exitus
1131 347 1275 383 rerum,
1287 346 1366 373 non

245 384 447 425 hominum
478 389 647 437 consilia,
671 390 820 441 legibus
850 389 1099 428 vindicentur.
1129 389 1267 427 Minus
1295 388 1366 426 do-

244 439 405 479 lendum
422 442 512 491 fuit,
533 456 573 480 re
593 456 669 481 non
688 444 881 496 perfectag
912 443 976 482 sed
994 443 1235 494 puniendum
1265 450 1366 481 certe

244 493 365 533 nihilo
384 496 525 534 minus.
555 496 718 544 Quoties
737 511 806 549 ego
825 499 920 549 ipse,
933 498 1093 547 judices,
1107 511 1156 536 ex
1175 497 1222 535 P.
1237 496 1365 535 Clodii

243 548 342 596 telis,
365 557 401 587 et
420 564 467 588 ex
487 552 651 590 cruentis
672 553 753 601 ejus
772 552 965 598 manibus,
982 552 1100 603 effugi
1116 552 1125 589 !
1157 564 1206 589 ex
1225 551 1367 602 quibus

243 602 276 638 si
294 615 357 642 me
375 616 451 642 non
475 605 537 643 vel
555 619 641 644 mea
667 607 726 644 vel
749 606 967 657 reipublicae
992 606 1146 643 fortuna
1168 605 1365 652 servasset,

242 657 330 706 quis
350 658 503 696 tandem
524 659 570 697 de
588 660 743 698 interitu
762 672 848 698 meo
867 660 1116 711 quaestionem
1136 658 1312 697 tulisset?

295 711 420 750 VIII.
451 713 526 751 Sed
547 715 654 752 stulti
679 727 826 761 sumus,
854 714 923 765 qui
948 713 1140 760 Drusum,
1168 712 1238 764 qui
1255 712 1368 750 Afri-

239 777 395 812 canum,
424 766 671 818 Pompeium,
705 777 855 806 nosmet
886 768 1002 819 ipsos,
1034 780 1125 806 cum
1155 767 1201 805 P.
1227 766 1368 805 Clodio

239 819 407 858 conferre
447 821 668 860 audeamus.
710 822 945 860 Tolerabilia
981 822 1138 860 fuerunt
1173 820 1242 859 ina
1257 835 1269 858 τ
1314 820 1363 859 Ρ.

240 872 367 911 Clodii
395 882 559 913 mortem
588 889 698 928 aequo
717 876 847 914 animo
865 888 979 914 nemo
998 876 1095 914 ferre
1113 882 1251 927 potest.
1281 873 1367 913 Lu-

237 934 302 977 get
319 937 473 967 senatus
489 943 499 967 τ
530 938 663 969 moeret
682 938 854 982 equester
873 930 989 968 ordo:
1025 937 1104 968 tota
1123 929 1256 967 civitas
1276 941 1369 967 con-

236 981 335 1019 fecta
354 982 456 1020 senio
476 991 554 1021 est:
587 985 763 1035 squalent
781 985 991 1036 municipia
1008 998 1018 1022 :
1049 983 1284 1022 afflictantur
1301 996 1364 1021 co-

235 1034 375 1073 loniae:
407 1037 488 1088 agri
518 1038 683 1089 denique
702 1038 776 1090 ipsi
800 1046 880 1076 tam
899 1038 1129 1085 beneficum,
1150 1044 1232 1075 tam
1261 1037 1366 1075 salu-

235 1096 371 1136 tarem,
393 1098 473 1128 tam
492 1100 752 1141 mansuetum,
773 1093 895 1130 civem
915 1092 1142 1131 desiderant.
1174 1092 1266 1129 Non
1288 1091 1366 1130 fuit

235 1155 278 1180 ea
296 1144 464 1194 profecto
483 1159 609 1194 causa,
635 1147 796 1196 judices,
827 1159 904 1184 non
931 1146 1020 1194 fuit,
1051 1159 1118 1185 cur
1137 1145 1211 1184 sibi
1229 1157 1361 1184 cense-

232 1205 290 1235 ret
310 1198 518 1250 Pompeius
539 1201 788 1251 quaestionem
813 1200 1038 1239 ferendam:
1069 1200 1134 1238 sed
1159 1199 1276 1237 homo
1298 1213 1360 1238 sa-

232 1250 355 1302 piens,
384 1262 421 1291 et
446 1255 524 1292 alta
552 1253 610 1303 [et
634 1254 783 1306 divina]
812 1255 982 1306 quadam
1004 1261 1133 1292 mente
1157 1253 1355 1304 praeditus,

231 1306 357 1344 multa
375 1306 470 1344 vidit
487 1323 496 1345 :
527 1309 643 1347 fuisse
663 1309 735 1346 sibi
753 1309 866 1346 illurn
884 1308 1103 1355 inimicum,
1122 1307 1356 1346 familiarem

233 1359 437 1399 Milonem.
470 1361 519 1400 In
554 1363 751 1401 communi
783 1363 958 1400 omnium
991 1363 1139 1409 laetitia,
1174 1361 1206 1400 si
1236 1361 1355 1400 etiam

230 1413 313 1465 ipse
343 1415 539 1466 gauderet,
578 1417 722 1465 timuit,
753 1429 801 1455 ne
829 1417 1020 1455 videretur
1043 1415 1232 1455 infirmior
1259 1415 1355 1455 fidoe

230 1469 480 1508 reconciliatae
520 1471 663 1522 gratiae.
707 1471 842 1509 Multa
871 1471 986 1509 etiam
1020 1471 1097 1509 alia
1132 1469 1242 1517 vidit,
1286 1470 1353 1508 sed

229 1521 328 1560 illud
351 1525 548 1563 maxime:
580 1525 756 1576 quamvis
789 1525 964 1563 atrociter
989 1525 1070 1576 ipse
1100 1524 1261 1571 tulisset,
1285 1536 1352 1562 vos

229 1583 359 1615 tamen
378 1578 524 1616 fortiter
539 1579 786 1628 judicaturos.
818 1580 958 1630 Itaque
972 1579 1112 1630 delegit
1127 1591 1147 1616 e
1161 1577 1353 1616 florentis-

229 1630 335 1668 simis
355 1632 552 1671 ordinibus
566 1633 649 1684 ipsa
663 1633 823 1671 lumina.
854 1633 996 1684 Neque
1013 1646 1102 1671 vero
1117 1631 1239 1683 (quod
1251 1643 1351 1669 non-

227 1684 326 1722 nulli
344 1685 534 1733 dictitant)
554 1687 722 1734 secrevit,
738 1688 778 1724 in
794 1687 987 1737 judicibus
1001 1686 1187 1738 legendis,
1203 1685 1349 1724 amieos

226 1751 358 1776 meos:
389 1752 514 1791 neque
543 1741 647 1778 enim
677 1741 749 1779 hoc
782 1741 960 1792 cogitavit
989 1742 1047 1779 vir
1079 1739 1342 1790 justissimum

224 1806 363 1844 neque,
383 1793 423 1831 in
453 1794 562 1832 bonis
582 1795 670 1832 viris
692 1795 877 1846 legendis,
903 1794 944 1832 id
973 1794 1123 1845 assequi
1142 1793 1342 1845 potuisset,

223 1847 339 1886 etiam
359 1847 390 1886 si
408 1850 584 1899 cupisset.
616 1849 707 1886 Non
723 1849 826 1887 enim
837 1862 924 1887 mea
936 1849 1058 1900 gratia
1075 1846 1347 1886 familiaritati-

221 1903 294 1940 bus
310 1902 536 1949 continetur,
557 1916 644 1954 quae
656 1902 732 1941 late
751 1912 879 1954 patere
897 1915 974 1940 non
986 1910 1157 1954 possunt,
1171 1908 1347 1952 propter-

222 1969 267 1994 ea
285 1955 389 2007 quod
413 1956 703 1994 consuetudines
728 1958 847 1995 victus
872 1969 949 1994 non
968 1964 1127 2008 possunt
1150 1968 1229 1994 esse
1247 1967 1340 1993 cum

220 2010 365 2048 multis.
403 2010 492 2057 Sed,
527 2010 558 2048 si
588 2011 682 2062 quid
711 2024 930 2062 possumus,
966 2024 1013 2049 ex
1043 2023 1087 2048 eo
1118 2021 1339 2062 possumus,

221 2063 324 2115 quod
343 2064 555 2115 respublica
568 2076 637 2102 nos
655 2065 856 2114 conjunxit
867 2078 957 2103 cum
968 2065 1102 2103 bonis:
1133 2076 1181 2102 ex
1195 2062 1339 2114 quibus

218 2117 284 2156 ille
314 2130 403 2156 cum
433 2118 596 2170 optimos
628 2119 727 2157 viros
756 2120 910 2171 legeret,
943 2119 1062 2171 idque
1088 2116 1260 2156 maxime
1287 2116 1340 2155 ad

216 2171 333 2209 fidem
359 2185 468 2210 suam
487 2173 674 2223 pertinere
692 2173 950 2222 arbitraretur,
973 2185 1051 2212 non
1069 2170 1195 2226 potuit
1211 2171 1340 2223 legere

215 2237 292 2263 non
313 2226 498 2265 studiosos
517 2226 607 2265 mei.
