1509 2397
228 131 309 170 242
563 131 902 172 PHILIPPICA
933 131 1015 172 ΙΙΙ.

224 239 341 292 copiis
359 239 553 290 adjuncta,
577 240 735 279 nuntius
758 240 793 279 ei
814 248 911 279 oeset
935 240 1089 285 allatus,
1107 253 1266 293 propere
1284 254 1342 280 se-

227 302 364 332 natum
382 295 555 340 dimisit3
585 302 635 343 et,
656 293 706 333 ad
723 295 984 346 occupandam
1006 294 1175 333 Galliam
1195 295 1341 334 citerio-

226 361 323 396 rem,
345 361 462 400 quam
489 348 674 387 Decimus
690 350 838 387 Brutus
859 349 1067 398 obtinebat,
1086 361 1175 388 cum
1193 349 1343 388 duabus

223 402 438 453 legionibus
462 404 605 454 magna
626 403 815 441 celeritate
836 403 1042 441 contendit.
1073 403 1226 441 Interea
1250 416 1339 441 cum

225 456 315 494 novi
338 457 483 495 tribuni
506 458 559 508 pL
587 457 655 508 qui
680 456 743 495 VI
774 456 835 494 Id.
864 456 970 502 Dec,
989 456 1257 508 magistratum
1280 457 1341 495 in-

225 509 361 558 ierant,
392 511 506 549 XIII
539 510 697 550 Calend.
731 510 824 548 Jan.
859 518 1035 548 senatum
1061 509 1338 558 convocassent,

225 564 351 616 deque
373 565 549 617 praesidio
575 564 776 603 consulum
802 563 1087 615 designatorum
1111 565 1342 612 retulissent,

226 626 272 656 ut
290 626 467 657 senatum
485 626 569 657 tuto
589 618 768 657 Calendis
789 618 819 656 J
820 618 986 657 anuariis
1003 618 1144 657 habere
1162 627 1342 670 possent;

227 673 374 720 Cicero,
394 672 550 711 laudata
568 673 812 711 tribunorum
831 680 973 720 mente,
993 679 1114 711 totam
1132 673 1344 724 rempubli-

225 739 311 765 cam
341 727 578 778 complexus,
607 727 690 765 haec
714 726 883 765 censuit:
913 739 973 765 res
997 739 1079 775 eas,
1100 740 1195 778 quas
1217 727 1347 766 Caesar

228 780 443 820 adolescens
461 781 609 832 privato
631 780 787 819 consilio
805 779 980 831 gessisset
1004 788 1073 819 aut
1093 789 1251 832 gereret,
1271 795 1345 832 pu-

227 835 329 873 blica
347 835 625 873 confirmandas
639 833 886 879 auctoritate3
902 834 1085 886 legiones,
1105 848 1206 886 quae,
1216 836 1347 874 relicto

227 889 416 937 Antonio,
437 889 486 927 ad
507 888 785 941 rempublicam
811 888 1091 927 defendendam
1110 902 1149 927 se
1167 889 1348 928 contulis-

229 950 328 991 sent,
340 943 565 990 laudandas,
586 944 715 994 eisque
733 955 840 994 spem
859 943 1105 994 praemiorum
1125 942 1273 982 decreto
1291 957 1348 982 se-

228 1000 339 1036 natus
358 997 654 1042 ostendendam;
685 996 893 1035 Decimum
905 997 1091 1046 Brutum,
1111 997 1180 1048 qui
1199 1010 1238 1035 se
1251 997 1349 1036 irru-

229 1052 309 1090 enti
322 1052 362 1090 in
373 1052 542 1090 Galliam
550 1051 723 1090 Antonio
734 1050 942 1100 objecisset,
950 1050 1151 1102 ipsamque
1163 1051 1348 1100 Galliam,

232 1119 320 1158 quae
331 1106 531 1154 resisteret,
545 1104 672 1144 debita
684 1105 799 1143 laude
812 1104 1022 1143 ornandam
1038 1119 1048 1142 ε
1069 1105 1282 1156 provincias
1300 1107 1349 1144 ab

232 1160 385 1208 iisdem,
413 1160 480 1212 qui
507 1173 568 1198 eas
591 1159 819 1206 obtinerent,
839 1158 1063 1197 obtinendas
1089 1171 1169 1197 esse
1194 1172 1242 1197 ex
1264 1160 1349 1211 lege

230 1215 261 1253 J
264 1214 358 1261 ulia,
379 1213 505 1266 quoad
524 1227 572 1252 ex
591 1213 932 1251 senatus-consulto
957 1212 1096 1264 cuique
1114 1225 1246 1251 eorum
1265 1226 1350 1252 suc-

232 1281 381 1307 cessum
404 1276 525 1313 esset3
553 1267 677 1320 iisque
705 1266 752 1305 de
779 1268 893 1305 rebus
920 1266 970 1305 ad
996 1273 1172 1304 senatum
1193 1279 1218 1305 a
1240 1267 1349 1306 novis

232 1322 452 1361 consulibus
477 1322 602 1373 primo
625 1334 778 1373 quoque
802 1327 973 1373 tempore
991 1333 1071 1359 esse
1094 1320 1349 1360 referendum.

231 1376 408 1415 Assensit
426 1378 600 1421 senatum
632 1382 669 1415 et
687 1375 728 1414 in
747 1376 830 1426 ejus
848 1374 1074 1414 sententiam
1092 1377 1352 1414 senatus-con-

230 1431 379 1470 sultum
396 1430 541 1470 factum
561 1436 628 1470 est.
