1509 2397
337 102 678 141 PHILIPPICA
707 101 766 141 ΙΙ.
798 103 903 141 CAP.
928 105 966 142 9.
1131 102 1210 139 205

95 209 260 258 ordines,
279 222 412 249 omnes
429 211 543 257 cives,
555 210 651 248 dum
670 210 883 258 confiteare,
902 211 1006 249 hunc
1024 210 1210 258 ordinem,

96 264 168 303 hoc
186 265 268 316 ipso
285 271 471 316 tempore,
492 266 540 303 ab
556 264 734 315 Ithyraeis
753 264 1027 302 circumsederi.
1058 264 1155 303 Haec
1169 272 1212 303 tu

94 330 173 356 11011
191 326 345 370 propter
358 318 556 357 audaciam
570 318 663 356 dicis
677 327 758 356 tam
771 318 1026 370 impudenter,
1041 319 1108 356 sed
1122 319 1214 370 quia

95 379 243 410 tantam
265 385 394 411 rerum
419 372 712 423 repugnantiam
738 385 816 410 non
836 372 950 410 vides.
990 372 1102 410 Nihil
1123 386 1214 423 pro-

94 425 193 464 fecto
219 426 332 478 sapis.
367 426 476 474 Quid
504 433 559 464 est
588 426 691 464 enim
715 425 943 474 dementius,
970 439 1102 477 quam,
1124 439 1214 464 cum

93 480 175 531 ipse
192 481 410 532 reipublicae
428 480 638 532 perniciosa
662 493 769 519 arma
791 480 946 532 ceperis,
971 480 1134 529 objicere
1158 480 1214 518 al-

93 534 165 573 teri
183 534 390 573 salutaria?

148 589 208 626 At
226 589 341 627 etiam
361 589 529 640 quodam
540 589 623 627 loco
633 588 778 627 facetus
793 602 870 628 esse
882 588 1046 627 voluisti.
1081 588 1215 636 Quam

94 641 136 680 id
164 642 251 685 (Dii
272 643 364 681 boni
383 644 412 690 !)
443 655 520 681 non
548 643 727 681 decebat!
762 644 812 681 In
838 656 915 694 quo
942 650 996 681 est
1015 651 1082 680 tua
1101 643 1215 693 culpa

95 697 306 735 nonnulla:
337 697 484 748 aliquid
504 697 606 735 enim
626 697 712 735 salis
731 699 779 735 ab
798 710 917 735 uxore
936 697 1056 734 mima
1068 696 1216 734 trahere

93 750 263 801 potuisti,
295 752 323 773 “
344 751 492 789 Cedant
517 764 623 788 arma
641 752 781 801 togaefi
820 751 962 798 Quid?
990 758 1075 788 tum
1089 763 1216 788 nonne

94 807 316 843 cesserunt?
345 806 404 843 At
421 811 552 856 postea
570 805 646 842 tuis
664 805 779 843 armis
798 805 907 843 cessit
925 812 1023 855 toga.
1055 804 1216 851 Quaera-

93 869 183 896 mus
201 858 332 909 igitur,
346 866 479 896 utrum
497 859 635 896 melius
651 858 788 904 fuerit3
810 859 975 896 libertati
988 858 1123 909 populi
1135 859 1217 896 Ro-

93 912 201 950 mani
226 913 492 950 sceleratorum
511 925 631 959 arma,
658 925 707 950 an
730 913 944 950 libertatem
968 919 1137 950 nostram
1156 925 1217 950 ar-

94 965 169 1003 mis
180 966 270 1015 tuis,
285 967 424 1005 cedere.
446 966 488 1004 N
491 979 532 1004 ec
538 979 626 1004 vero
638 966 709 1004 tibi
721 966 768 1004 de
776 967 947 1005 versibus
958 966 1212 1017 respondebo:

93 1026 248 1058 tantum
277 1020 402 1058 dicam
430 1020 606 1068 breviter,
635 1033 761 1071 neque
787 1021 872 1058 11105
900 1033 1025 1072 neque
1052 1020 1151 1058 ullas
1179 1027 1218 1058 te

94 1074 251 1113 omnino
267 1074 396 1112 literas
415 1076 550 1113 ndsse:
581 1087 644 1112 me
668 1087 737 1112 1100
758 1074 977 1126 reipublicae
995 1087 1064 1112 nec
1083 1074 1214 1112 amicis

92 1139 268 1180 unquam
287 1128 463 1176 defuisse,
484 1135 521 1166 et
539 1135 668 1166 tamen
687 1128 792 1166 omni
807 1141 942 1180 genere
960 1129 1217 1166 monimento-

93 1194 182 1219 rum
200 1195 376 1220 meorum
390 1182 588 1234 perfecisse
607 1182 731 1234 operis
750 1183 966 1229 subsecivis,
987 1190 1031 1220 ut
1045 1195 1141 1220 meae
1159 1182 1216 1219 vi-

92 1235 209 1285 giliae,
232 1249 404 1287 meaeque
427 1236 561 1283 literae,
587 1244 624 1274 et
648 1237 842 1285 juventuti
861 1237 1053 1283 utilitatis,
1084 1244 1121 1274 et
1147 1248 1216 1274 no-

92 1289 191 1326 mini
211 1290 389 1328 Romano
406 1290 545 1336 laudis,
566 1290 712 1341 aliquid
730 1290 917 1328 afferrent,
948 1290 1024 1328 Sed
1041 1290 1122 1328 haec
1139 1301 1218 1327 non

92 1341 211 1392 hujus
230 1344 435 1394 temporis:
467 1343 515 1381 ad
534 1345 681 1393 majora
700 1344 910 1381 veniamus.

148 1397 226 1435 IX.
257 1398 303 1435 P.
321 1397 502 1436 Clodium
513 1410 600 1435 meo
614 1397 769 1435 consilio
782 1397 1024 1436 interfectum
1037 1410 1117 1436 esse
1131 1397 1218 1436 dix-

94 1449 169 1488 isti.
200 1450 401 1498 Quidnam
427 1451 601 1489 homines
626 1459 818 1502 putarent,
844 1451 875 1489 si
895 1459 979 1490 tum
1000 1452 1141 1490 occisus
1160 1465 1218 1491 es-

94 1512 164 1553 set,
185 1517 274 1543 cum
302 1513 346 1543 tu
371 1505 484 1543 illum
511 1505 553 1543 in
580 1505 677 1552 foro,
706 1505 939 1557 inspectante
963 1505 1108 1557 populo
1135 1506 1217 1545 Ro-

89 1570 221 1607 mano,
234 1559 364 1610 gladio
376 1559 504 1597 stricto
518 1560 710 1597 insecutus
730 1572 784 1607 eS,
797 1560 1072 1611 negotiumque
1089 1567 1213 1599 trans-

94 1611 247 1663 egisses,
260 1613 334 1651 nisi
351 1613 416 1651 ille
435 1626 474 1651 se
491 1613 532 1651 in
547 1613 665 1651 scalas
683 1615 850 1651 tabernae
861 1613 1024 1652 librariae
1039 1614 1217 1663 conjecis-

92 1673 163 1715 set,
189 1666 327 1718 hisque
354 1667 532 1718 oppilatis
556 1667 746 1718 impetum
772 1674 887 1705 tuum
909 1668 1215 1719 compressisset?

96 1718 216 1772 [Sed]
238 1721 360 1773 quid?
377 1734 446 1772 ego
458 1721 595 1759 favisse
606 1734 670 1759 me
684 1721 754 1759 tibi
772 1721 891 1760 fateor
904 1735 917 1768 ;
939 1722 1096 1760 suasisse
1107 1734 1156 1760 ne
1174 1729 1218 1761 tu

93 1774 252 1825 quidem
274 1775 379 1814 dicis.
417 1775 476 1813 At
504 1775 648 1814 Miloni
672 1787 721 1813 ne
745 1775 872 1814 favere
898 1776 1054 1827 quidem
1078 1776 1211 1827 potui:

93 1828 202 1879 prius
221 1828 324 1866 enim
343 1842 426 1868 rem
443 1829 640 1880 transegit,
662 1842 780 1881 quam
801 1830 1006 1881 quisquam
1034 1843 1123 1868 eum
1152 1843 1217 1868 su-

94 1881 301 1933 spicaretur
311 1883 505 1921 facturum
518 1897 608 1922 esse.
632 1883 692 1921 At
703 1896 772 1934 ego
788 1884 900 1922 suasi.
929 1884 1078 1923 Scilicet
1088 1884 1119 1921 is
1135 1884 1217 1921 ani-

92 1946 182 1974 mus
201 1944 281 1974 erat
295 1937 471 1985 Milonis,
485 1945 530 1975 ut
548 1937 725 1989 prodesse
738 1937 958 1988 reipublicae
972 1937 1051 1975 sine
1066 1950 1217 1976 suasore

93 2001 172 2027 non
186 1999 322 2041 posset.
341 1991 401 2028 At
414 1991 565 2030 laetatus
584 2004 684 2029 sum.
714 1991 824 2039 Quid
838 2005 927 2043 ergo
941 1994 958 2030 Ρ
978 1991 1018 2029 in
1030 1992 1136 2029 tanta
1149 1992 1217 2029 lae-

94 2042 180 2081 titia
199 2052 344 2083 cunctae
369 2045 544 2094 civitatis,
563 2058 627 2084 me
650 2058 775 2083 unum
799 2045 946 2084 tristem
971 2058 1049 2083 esse
1068 2054 1218 2096 oporte-

93 2097 161 2135 bat
174 2100 192 2136 ἓ

152 2150 405 2204 Quamquam
423 2153 472 2192 de
488 2161 611 2193 morte
640 2155 686 2193 P.
708 2154 835 2194 Clodii
857 2153 932 2192 fuit
957 2153 1117 2205 quaestio
1139 2166 1216 2192 non

97 2203 206 2296 sati?J
206 2207 412 2256 prudenter
424 2208 493 2246 illa
507 2208 663 2260 quidem
676 2209 892 2248 constituta.
922 2207 1031 2256 Quid
1046 2208 1147 2247 enim
1162 2215 1218 2245 at-

148 2261 165 2302 (
207 2264 300 2307 rat.)
330 2272 435 2301 vor..
459 2273 521 2299 1v.
912 2273 938 2299 ‘r
