1509 2397
298 116 379 155 384
491 115 831 156 PHILIPPICA
861 112 990 155 X111.
1018 113 1126 154 CAP.
1159 117 1221 160 17.

294 224 538 277 nequissimis
557 224 742 264 Graeculis
760 225 1007 276 cogitandum
1025 225 1111 264 fuit.
1142 226 1172 248 ‘⁶
1191 223 1414 277 Theopom-

295 292 407 331 pum,
445 279 611 327 nudum,
654 280 861 330 expulsum
896 293 920 318 a
956 279 1166 328 Trebonio,
1208 279 1413 331 confugere

293 333 576 372 Alexandriam
589 334 849 385 neglexistis.''
874 333 1070 385 Magnum
1082 334 1226 372 crimen
1237 334 1409 373 senatus!

295 387 359 426 De
378 388 647 449 Theopompo,
669 401 821 426 summo
849 387 1019 434 homine,
1046 387 1313 439 negleximus!
1344 387 1414 440 qui

293 441 362 480 ubi
381 449 568 480 terrarum
595 443 656 490 sit,
678 442 773 503 quid
791 450 894 493 agat,
915 443 1018 480 vivat
1035 442 1214 493 denique,
1239 454 1290 480 an
1308 454 1412 480 mor-

292 505 383 534 tuus
413 496 475 543 sit,
503 497 588 548 (11115
618 504 685 534 3111
716 496 798 557 scit,
826 503 893 534 aut
916 498 1054 534 curat?
1085 496 1211 534 “Ser.
1243 495 1411 535 Galbam

290 549 427 588 eodem
446 551 613 601 pugione
631 550 866 588 succinctum
884 550 925 588 in
944 549 1075 589 castris
1093 549 1240 589 videtis.
1243 549 1269 567 ’⁹
1297 550 1412 589 Nihil

290 604 362 642 tibi
380 604 427 642 de
448 604 574 642 Galba
594 604 817 655 respondeo,
833 604 1040 642 fortissimo
1051 612 1089 642 et
1107 603 1412 643 constantissimo

293 658 375 696 cive
390 673 399 696 ε
426 671 553 696 0013111
566 658 687 696 aderit
700 674 710 696 :
735 671 900 709 praesens
912 658 982 697 tibi
996 665 1033 696 et
1044 658 1140 710 ipse,
1153 665 1190 696 et
1201 658 1280 706 ille,
1296 671 1414 710 quem

289 711 505 760 insimulas,
518 712 650 763 pugio,
663 712 919 763 respondebit.
936 715 964 735 ‘⁶
974 712 1137 760 Milites,
1150 719 1218 750 aut
1229 725 1334 750 meos
1346 719 1414 752 aut

290 774 499 814 veteranos,
521 767 773 813 contraxistis,
796 774 997 818 tamquam
1026 766 1076 804 ad
1096 766 1260 805 exitium
1278 779 1412 806 eorum

289 821 358 871 qui
389 820 578 859 Caesarem
607 820 841 867 occiderant3
877 830 915 859 et
944 820 1096 859 eosdem
1124 819 1411 871 nec-opinantes

289 874 339 912 ad
359 875 555 926 quaestoris
570 876 644 923 sui,
665 882 732 913 aut
749 874 1002 925 imperatoris,
1017 883 1085 913 aut
1103 874 1411 914 commilitonum

290 941 463 976 suorum,
498 929 668 980 pericula
695 929 947 980 impulistis.”
976 929 1128 969 Scilicet
1156 930 1272 967 verba
1303 929 1411 968 dedi-

288 995 391 1029 mus,
425 983 672 1035 decepimus:
703 983 903 1044 ignorabat
925 983 1026 1035 legio
1057 983 1218 1031 Martia,
1245 991 1406 1034 (1113113.

287 1048 357 1075 nec
375 1037 544 1076 sciebant
566 1037 748 1085 veterani,
777 1037 872 1089 quid
894 1045 1079 1089 ageretur.
1110 1038 1205 1075 Non
1225 1037 1284 1075 illi
1301 1050 1411 1076 sena-

287 1093 349 1129 tus
379 1093 657 1139 auctoritatem,
695 1104 773 1129 non
801 1091 1018 1130 libertatem
1053 1091 1190 1143 populi
1221 1092 1407 1139 Romani,

285 1147 542 1196 sequebantur
556 1161 566 1184 ε
596 1145 755 1185 Caesaris
767 1154 931 1184 mortem
942 1145 1073 1184 ulcisci
1084 1145 1275 1192 volebant,
1289 1159 1409 1198 quam

284 1211 418 1237 omnes
437 1199 594 1238 fatalem
612 1200 730 1238 fuisse
748 1200 1030 1238 arbitrabantur
1046 1214 1057 1237 ε
1087 1206 1126 1238 10
1140 1199 1314 1238 videlicet
1333 1201 1408 1239 sal-

286 1266 395 1299 vum,
416 1255 587 1302 beatum,
608 1254 821 1302 florentem,
842 1266 923 1292 esse
940 1253 1156 1305 cupiebant.

339 1307 483 1346 XVII.
513 1308 552 1347 Ο
572 1308 701 1356 miser,
717 1321 806 1346 cum
825 1321 879 1354 re,
903 1314 991 1346 tum
1007 1308 1080 1346 hoc
1090 1308 1188 1359 ipso,
1208 1307 1314 1359 quod
1331 1320 1410 1347 non

283 1361 415 1409 sentis,
436 1375 555 1414 quam
583 1363 698 1400 miser
717 1362 792 1400 sis!
825 1361 900 1400 Sed
927 1362 1147 1400 maximum
1165 1361 1310 1401 crimen
1339 1376 1409 1401 au-

283 1415 374 1454 dite.
405 1419 434 1438 ‘²
454 1416 649 1468 Denique,
679 1416 774 1467 quid
799 1428 877 1454 non
895 1423 963 1454 aut
986 1415 1228 1467 probavistis,
1252 1426 1321 1455 aut
1350 1416 1408 1456 fe-

281 1469 386 1508 cistis
402 1472 419 1507 ?
461 1470 556 1521 quid
593 1471 722 1518 faciat,
767 1471 799 1509 si
834 1470 1121 1510 reviviscat”...
1135 1469 1254 1522 quis?
1296 1471 1407 1510 credo

282 1524 401 1571 enim,
433 1524 563 1564 afferet
591 1525 748 1577 aliquod
771 1525 941 1563 scelerati
961 1524 1128 1563 hominis
1153 1525 1403 1576 exemplum!

282 1581 312 1600 “
334 1578 406 1616 Cn.
439 1578 649 1630 Pompeius
677 1579 758 1630 ipse
773 1580 819 1618 ?''
849 1578 888 1618 O
918 1592 987 1617 nos
1016 1578 1224 1630 turpes,rsi
1246 1578 1405 1630 quidem

280 1631 355 1670 Cn.
377 1633 607 1684 Pompeium
639 1633 780 1672 imitati
799 1633 960 1671 sumus!
993 1634 1022 1655 “
1037 1640 1105 1671 aut
1130 1632 1233 1671 filius
1252 1634 1350 1682 ejus,
1370 1633 1403 1672 si

278 1685 386 1724 domi
401 1700 478 1725 esse
489 1687 606 1738 possit
620 1688 666 1726 ?’'
696 1687 854 1736 Poterit,
868 1687 967 1725 mihi
985 1687 1093 1725 crede
1105 1701 1117 1725 :
1145 1699 1253 1732 nam,
1268 1687 1403 1739 paucis

277 1740 428 1787 diebus,
449 1749 486 1779 et
504 1742 544 1779 in
564 1742 726 1780 domum
744 1749 782 1780 et
799 1741 841 1779 in
859 1741 988 1780 hortos
1006 1748 1184 1793 paternos
1201 1740 1400 1792 immigra-

277 1794 347 1832 bit.
379 1797 408 1817 ‘⁶
424 1796 636 1843 Postremo,
668 1795 815 1847 negatis
833 1808 967 1847 pacem
985 1808 1094 1847 posse
1111 1795 1207 1843 fieri,
1238 1795 1314 1833 nisi
1332 1803 1400 1842 aut

272 1848 436 1887 emisero
466 1850 652 1898 Brutum,
684 1858 752 1888 aut
775 1849 971 1888 frumento
993 1850 1170 1899 juvero.'’
1197 1849 1284 1888 Alii
1301 1849 1400 1890 istuc

274 1903 446 1954 negant?
466 1917 535 1955 ego
555 1917 657 1951 vero,
671 1917 734 1951 ne,
755 1904 787 1943 si
798 1904 870 1942 ista
888 1903 1045 1956 quidem
1059 1903 1205 1952 feceris,
1223 1915 1401 1955 unquam

273 1963 404 1996 tecum
433 1971 567 2009 pacem
591 1958 683 1996 huic
711 1958 854 1997 civitati
875 1958 1048 1996 futuram
1073 1965 1180 2009 puto.
1212 1959 1240 1979 “
1253 1957 1395 2006 Quid?

272 2009 346 2049 hoc
378 2012 551 2063 placetne
575 2013 760 2051 veteranis
789 2012 905 2051 istis?
934 2012 1076 2064 quibus
1107 2011 1234 2050 adhuc
1267 2011 1398 2052 omnia

270 2063 423 2116 integra
455 2067 585 2105 sunt.’'
615 2066 726 2105 Nihil
755 2066 834 2105 vidi
863 2074 946 2105 tam
973 2067 1184 2118 integrum,
1212 2078 1331 2118 quam
1353 2073 1398 2105 ut

267 2131 495 2171 oppugnare
513 2121 782 2172 imperatorem
793 2120 992 2174 incipiant,
1009 2133 1128 2174 quem
1146 2128 1253 2160 tanto
1271 2119 1397 2159 studio

273 2184 540 2228 consensuque
557 2174 796 2216 offenderint.
