1509 2397
362 82 700 125 PHILIPPICA
733 81 791 121 11.
808 82 927 122 VCAP.
957 84 1022 121 35.

1172 84 1195 120 '0

1199 84 1252 122 29

129 195 163 232 .“
183 191 228 230 C.
250 189 404 234 Caesari,
425 190 598 229 dictatori
615 198 812 242 perpetuo,
830 190 891 228 M.
908 191 1142 237 Antonium,
1159 203 1250 229 con-

131 245 268 292 sulem,
288 245 423 296 populi
438 246 562 294 jussu«,
575 258 739 295 regnum
758 245 937 282 detulisse
952 259 964 290 3
987 245 1176 283 Caesare'm
1190 245 1249 283 uti

130 299 335 338 noluisse.”
364 299 393 338 J
396 312 459 337 am
475 300 559 348 jam
577 300 738 336 minime
752 299 882 347 miror,
904 306 941 336 te
960 299 1083 337 otium
1101 308 1251 350 pertur-

131 354 246 391 bare:
276 366 353 391 non
382 353 498 391 modo
525 353 675 391 Urbem
700 353 837 400 odisse,
862 353 927 390 sed
954 352 1067 391 etiam
1093 354 1247 396 lucem3

130 419 220 445 cum
245 406 508 458 perditissimis
536 407 748 445 latronibus
772 419 849 445 non
869 407 994 444 solum
1020 406 1068 444 de
1087 407 1162 454 die,
1183 382 1250 445 secl

130 461 246 499 etiam
271 461 311 498 1··1
339 462 458 509 diem,
489 474 631 499 ‘ssvere
657 462 738 499 Ubi
771 461 873 499 enim
899 468 941 499 tu
972 461 1012 498 in
1034 474 1128 512 pace
1157 474 1250 499 con-

131 515 271 554 sistes:
300 515 370 567 qui
397 516 505 553 locus
533 515 604 554 tibi
632 515 673 552 in
697 515 847 566 legibus
871 522 907 553 et
929 516 969 552 in
992 515 1145 564 judiciis
1171 528 1249 553 esse

130 576 267 620 potest,
287 583 375 621 quae
393 577 451 617 tu,
483 577 673 621 quantum
692 570 732 607 in
762 576 800 607 te
818 569 907 615 fuit,
927 569 1127 607 dominatu
1146 570 1252 619 regio

132 623 351 662 sustulisti?
383 624 526 662 Ideone
551 624 600 661 L.
622 623 860 675 Tarquinius
879 631 1047 669 exactus,
1069 625 1134 674 Sp.
1157 623 1252 661 Cas-

132 677 225 725 sius,
256 678 418 725 Melius,
449 677 512 715 M.
545 677 736 725 Manlius,
761 677 897 725 necati,
923 686 982 725 ut,
1009 677 1141 715 multis
1166 685 1253 728 post

131 732 295 779 saeculis,
315 745 337 770 a
356 732 418 770 M.
438 731 627 779 Antonio,
643 731 747 783 quod
765 731 823 769 fas
841 744 917 769 non
938 738 1006 780 est,
1027 745 1095 770 rex
1113 732 1253 770 Romae

131 786 420 824 constitueretur
433 786 451 823 ἲ
480 786 556 824 Sed
574 786 622 823 ad
641 786 810 837 auspicia
827 786 1038 823 redeamus.

186 840 367 879 XXXV.
397 840 460 878 De
482 840 626 891 quibus
648 841 762 878 rebus
788 840 924 878 Idibus
944 840 1098 878 Martiis
1116 839 1192 878 fixit
1209 839 1251 877 in

128 902 266 937 ‚senatu
286 893 414 932 Caesar
443 902 611 941 acturus,
632 906 775 945 quaero,
802 900 887 931 tum
907 901 949 931 tu
974 894 1068 946 quid
1098 894 1250 945 egisses.

127 948 353 992 ,Audiebam
371 947 529 999 quidem
554 955 592 986 te
611 955 790 999 paratum
819 948 978 995 venisse,
999 948 1104 999 qued
1122 961 1184 986 me
1204 948 1252 986 ‹le

128 1003 320 1043 ementitis
339 1002 531 1054 auspiciis,
547 1001 689 1054 quibus
700 1008 830 1040 tamen
845 1015 977 1052 parere
991 1015 1139 1040 necesse
1155 1010 1250 1049 erat,

128 1064 283 1110 putares
302 1070 380 1095 esse
403 1057 611 1095 dicturum.
641 1056 805 1095 Sustulit
829 1057 943 1094 illum
973 1056 1074 1094 diem
1097 1057 1252 1094 fortuna

128 1112 262 1163 populi
282 1111 463 1149 Romani.
493 1111 606 1149 Num
621 1110 736 1148 etiam
755 1118 868 1148 tuum
888 1110 935 1148 de
954 1111 1130 1162 auspiciis
1146 1111 1252 1160 judi-

130 1166 234 1207 cium
264 1165 439 1204 interitus
469 1164 629 1204 Caesaris
658 1165 843 1203 sustulit?
886 1165 962 1204 Sed
995 1165 1112 1203 incidi
1141 1166 1182 1202 in
1212 1165 1252 1202 id

129 1226 296 1271 tempus,
317 1220 423 1271 quod
440 1219 486 1257 iis
504 1221 632 1267 rebus,
652 1219 693 1256 in
714 1232 809 1270 quas
828 1219 998 1270 ingressa
1017 1227 1096 1257 erat
1115 1219 1250 1267 oratio,

130 1273 437 1325 praevertendum
469 1286 547 1311 non
577 1281 645 1311 est.
676 1274 778 1320 Quae
810 1280 877 1310 tua
906 1273 1031 1334 fuga?
1062 1286 1150 1324 quae
1174 1273 1251 1311 for=

129 1327 235 1365 mido
253 1327 320 1365 illo
339 1327 431 1366 die?
461 1341 562 1379 quae,
582 1335 737 1378 propter
763 1326 1029 1365 conscientiam
1049 1327 1249 1374 seekrum,

130 1381 341 1433 desperatio
357 1382 472 1420 vitae
462 1384 479 1409 ’θ
509 1394 599 1420 cum
619 1394 668 1419 ex
687 1380 754 1418 illa
772 1381 881 1432 fuga,
901 1381 1084 1419 beneficio
1104 1393 1252 1427 eorum,-

130 1435 199 1486 qui
217 1443 268 1484 te,
285 1436 316 1474 si
334 1448 447 1474 sanus
466 1448 615 1484 esses,
599 1435 752 1474 salvum
767 1448 847 1474 esse
860 1435 1079 1485 voluerunt,
1099 1435 1199 1473 clam
1215 1441 1254 1473 te

128 1489 290 1528 domum
309 1489 491 1541 recepisti.
1245 1508 1247 1511 ¹

133 1582 137 1583 ⁷
186 1543 225 1583 Ο
244 1556 330 1582 mea
345 1544 486 1582 frustra
497 1557 645 1596 semper
657 1544 852 1583 verissima
866 1543 1029 1595 auguria
1046 1557 1176 1582 remm
1191 1543 1254 1581 fu-

133 1598 335 1636 turarum!
366 1598 556 1638 Dicebam
585 1598 662 1636 illis
691 1599 732 1636 in
763 1599 954 1651 Capitolio
982 1598 1252 1637 liberatoribus

131 1652 282 1701 nostris,
303 1665 390 1691 cum
420 1666 483 1692 me
509 1652 558 1691 ad
584 1660 621 1691 te
646 1652 700 1691 ire
725 1653 881 1701 vellent,
901 1661 946 1691 ut
969 1652 1018 1690 ad
1048 1651 1254 1690 defenden-

132 1706 224 1745 dam
247 1708 524 1759 rempublicam
549 1714 586 1746 te
615 1707 860 1753 adhortare13
893 1706 1021 1759 quoad
1049 1714 1253 1752 metueres3

130 1761 272 1801 omnia-
289 1768 327 1800 te
355 1762 660 1813 promissurum3
697 1761 815 1799 simul
845 1775 889 1800 ac
917 1761 1053 1799 timere
1082 1761 1256 1806 desisses‚

133 1816 298 1855 similem
317 1822 354 1854 te
381 1816 558 1854 futurum
579 1816 648 1854 tui.
679 1816 832 1867 Itaque,
853 1828 942 1854 cum
962 1815 1087 1853 caeteri
1115 1827 1253 1853 consu-

132 1872 230 1910 lares
247 1869 359 1918 irent,
390 1870 568 1918 redirent,
594 1870 635 1908 in
665 1869 852 1908 sententia
879 1869 1032 1907 mansi.
1063 1881 1189 1930 neque
1215 1875 1253 1906 te

131 1926 200 1966 illo
218 1924 293 1985 die,
312 1936 436 1976 neque
449 1932 613 1976 postero,
629 1924 736 1970 vidi3
756 1937 882 1975 neque
899 1924 1023 1962 ullam
1035 1923 1254 1961 societatem

135 1978 290 2031 optimis
317 1978 462 2017 civibus
493 1991 583 2017 cum
611 1978 942 2030 importunissimo
978 1977 1088 2015 hoste
1116 1975 1256 2014 foedere

134 2034 215 2074 ullo
233 2031 447 2071 confirmari
464 2045 573 2084 posse
591 2032 744 2072 credidi.
773 2033 867 2071 Post
881 2031 985 2070 diem
997 2031 1154 2069 tertium
1167 2029 1255 2068 veni

135 2090 176 2128 in
201 2086 322 2126 aedem
352 2087 536 2135 Telluris,
565 2094 602 2126 et
628 2087 787 2139 quidem
815 2086 973 2132 invitus,
1006 2098 1095 2123 cum
1124 2096 1260 2122 omnes

131 2141 261 2182 aditus
279 2141 416 2179 armati
434 2141 660 2197 obsiderent.
691 2141 774 2190 Qui
793 2141 863 2179 tibi
881 2140 960 2178 dies
978 2139 1057 2189 ine,
1091 2139 1152 2178 M.
1169 2138 1259 2176 An-

188 2196 317 2239 (Orai-
322 2203 338 2243 )
359 2207 385 2233 x
392 2193 979 2232 01.1“1.Χ
