1509 2397
218 103 270 148 70
479 106 544 145 IN
573 106 848 147 PISONEM.
878 105 985 146 CAP
1016 106 1081 144 41.

214 212 398 263 peratoris
403 225 561 264 nomen,
568 214 838 282 quodlaureati
843 214 974 262 fasces,
983 213 1088 265 quod
1097 212 1166 251 illa
1177 218 1336 264 tropaea,

214 265 330 317 plena
347 266 539 307 dedecoris
556 277 594 307 et
611 269 720 317 risus,
735 277 772 308 te
790 275 1093 330 commentatum
1111 279 1191 305 esse
1208 266 1336 304 decla-

214 327 326 365 rant;
357 321 443 372 quis
461 329 498 361 te
523 320 728 362 miserior?
759 323 845 374 quis
863 330 901 362 te
925 321 1156 368 damnatior,
1179 319 1247 372 qui
1265 331 1334 358 ne-

215 386 292 424 que
314 375 474 414 scribere
502 377 552 415 ad
581 385 773 424 senatum,
797 390 821 414 a
845 384 882 415 te
903 378 1001 414 bene
1025 388 1107 414 rem
1135 373 1332 426 publioem

215 439 296 466 esse
306 436 466 480 gestam,
488 443 614 482 neque
626 444 791 482 praesens
809 430 946 478 dicere,
967 442 1083 468 ausus
1097 430 1173 468 es?

268 482 386 520 XLI.
414 488 484 521 An
515 492 557 522 tu
588 484 701 533 mihi,
737 485 815 528 (cui
843 496 993 535 semper
1014 483 1070 522 ita
1104 493 1336 534 persuasum

213 535 344 583 fuerit,
375 549 452 575 non
485 538 640 586 eventis,
672 538 738 577 sed
765 538 889 586 factis,
921 539 1107 589 cujusque
1137 536 1335 575 femmam

214 590 443 652 ponderari,
431 605 441 614 ·
483 604 608 653 neque
639 593 681 630 in
717 592 866 630 tabellis
902 603 1115 643 paucorum
1140 590 1336 640 judicum,

215 644 317 682 sed
306 657 347 682 m
373 646 567 684 sententiis
596 645 772 685 omnium
798 646 954 693 civium,
984 644 1131 682 famam
1162 650 1334 682 nosuam

214 696 489 760 fortunamque
514 700 696 751 pendere)
719 707 757 738 te
774 699 1042 738 indemnatum
1067 697 1186 736 videri
1205 704 1336 749 putas,

215 764 333 802 quem
370 753 474 801 socii,
512 767 629 805 quem
665 753 850 801 foederati,
886 766 1005 814 quem
1035 751 1146 790 liberi
1181 750 1335 804 populi,

215 818 333 856 quem
361 807 609 858 stipendiarii,
639 820 754 868 quem
774 807 1038 858 negotiatores,
1065 818 1183 857 quem
1207 805 1338 857 publi-

213 860 312 907 oeni,
351 874 467 912 quem
505 862 682 900 universa
717 861 861 907 civitas,
899 873 1016 912 quem
1053 859 1184 910 legati,
1215 872 1339 910 quem

213 913 359 953 tribuni
377 916 573 964 militares,
601 928 718 967 quem
736 915 874 966 reliqui
899 914 1056 962 milites,
1076 913 1145 965 qui
1169 913 1331 974 ferrum,

212 967 282 1018 qui
299 968 457 1017 famem,
485 969 553 1021 qui
574 971 756 1007 morbum
779 969 1010 1020 effugerunt,
1033 966 1140 1005 omni
1164 967 1338 1008 cruciatu

213 1020 485 1072 dignissimum
503 1030 669 1075 putant.
660 1025 678 1051 9
707 1023 770 1061 cui
799 1035 876 1061 non
902 1022 1007 1074 apud
1036 1028 1227 1068 senatum,
1256 1033 1335 1061 non

213 1075 319 1126 apud
347 1077 476 1116 ullum
506 1077 693 1138 ordinem,
719 1089 796 1114 non
822 1076 926 1128 apud
951 1075 1097 1137 equites
1118 1075 1338 1122 Romanos,

214 1141 293 1168 non
311 1130 352 1168 ιιι
383 1131 502 1178 Urbe,
533 1144 611 1170 non
636 1132 679 1169 in
704 1131 834 1179 Italia,
860 1130 1120 1168 maximorum
1145 1129 1332 1168 scelerum

215 1183 327 1223 venia
345 1184 426 1222 ulla
450 1185 500 1223 ad
521 1185 796 1236 ignoscendum
821 1184 904 1223 dari
928 1184 1079 1236 possit?
1109 1183 1178 1234 qui
1196 1195 1235 1221 se
1252 1182 1335 1234 ipse

215 1237 351 1286 oderit,
371 1238 440 1289 qui
458 1246 607 1278 metuat
631 1251 777 1286 omnes,
798 1238 867 1290 qui
889 1250 998 1276 suam
1016 1249 1171 1276 causam
1188 1236 1339 1275 nemini

216 1292 454 1331 committere
473 1293 625 1341 audeat,
646 1293 715 1344 qui
734 1305 773 1331 se
790 1292 873 1344 ipse
891 1291 1142 1330 condemnet.
1132 1297 1147 1317 9

271 1345 490 1398 Nunquam
516 1360 588 1398 ego
618 1347 846 1398 sanguinem
875 1345 1042 1397 expetivi
1071 1352 1201 1392 tuum,
1231 1355 1338 1382 nun·

216 1412 335 1452 quam
353 1400 452 1439 illud
470 1409 701 1447 extremum,
724 1400 828 1452 quod
853 1407 980 1460 posset
998 1412 1076 1438 esse
1094 1397 1279 1449 improbis
1297 1405 1339 1439 et

214 1454 346 1505 probis
375 1467 594 1503 commune,
628 1455 862 1507 supplicium
891 1453 986 1505 legis
1013 1466 1057 1492 ac
1076 1451 1239 1513 judicii;
1269 1451 1336 1491 sed

214 1509 423 1557 abjectum,
444 1517 695 1556 contemtum,
715 1509 937 1560 despectum
953 1520 976 1545 a
993 1506 1150 1554 caeteris,
1165 1519 1189 1544 a
1202 1513 1240 1544 te
1250 1505 1336 1556 ipso

215 1560 457 1624 desperatum
491 1570 527 1601 et
556 1563 747 1610 relictum,
781 1562 1157 1612 circumspectantem
1187 1559 1335 1607 omnia,

215 1615 406 1667 quidquid
430 1616 690 1669 increpuisset,
713 1616 1067 1677 pertimescentem,
1096 1613 1333 1651 diffidentem

215 1669 293 1708 tuis
310 1671 452 1715 rebus;
482 1671 563 1709 sine
580 1683 685 1717 voce,
701 1671 781 1708 sine
790 1670 979 1717 libertate,
996 1668 1076 1706 sine
1094 1666 1333 1714 auctoritate,

215 1722 297 1762 sine
329 1724 411 1762 ulla
438 1725 560 1776 specie
588 1724 802 1769 consulam
832 1723 1065 1765 horrentem
1089 1727 1333 1768 trementem,

216 1777 439 1816 adulantem
463 1791 610 1826 omnes,
638 1778 764 1816 videre
788 1784 825 1815 te
850 1776 983 1815 volui:
1011 1776 1102 1815 vidi,
1131 1774 1278 1822 Quare,
1302 1774 1336 1813 si

216 1831 287 1870 tibi
306 1832 484 1879 evenerit,
520 1832 624 1884 quod
641 1831 782 1870 metuis
811 1843 859 1868 ne
878 1829 1036 1878 aecidat,
1057 1828 1235 1880 equidem
1255 1840 1335 1867 non

215 1885 374 1924 moleste
390 1846 546 1923 fei-amq
568 1886 625 1924 sin
642 1885 684 1923 id
701 1884 848 1923 tardius
865 1884 963 1922 forte
980 1883 1059 1930 fiet,
1079 1883 1186 1921 fruar
1204 1888 1334 1921 tamen

215 1939 284 1978 tua
301 1939 564 1990 indignitate·
593 1952 663 1978 nec
679 1940 809 1978 minus
833 1929 996 1977 libenter
1017 1943 1253 1975 metuentem
1275 1935 1334 1974 vi-

213 1993 324 2041 debo,
344 2005 393 2032 ne
410 2005 497 2032 reus
514 1993 598 2041 fias,
618 2006 736 2044 quam
754 2005 890 2031 reum:
921 2003 992 2030 nec
1008 1991 1138 2029 minus
1157 1990 1336 2038 laetabor,

213 2059 304 2091 cum
322 2055 360 2086 te
392 2059 542 2099 semper
569 2047 781 2096 sordidum,
801 2055 921 2099 quam
943 2045 976 2087 si
1000 2044 1196 2098 paulisper
1213 2042 1336 2084 sordi-

210 2101 360 2150 datum,
375 2100 522 2141 videbo.
