1509 2397
379 92 720 132 PHILIPPICA
747 92 825 133 XI.
855 92 960 132 CAP.
985 94 1048 132 15.
1196 95 1277 134 355

146 200 214 252 qui
232 199 404 252 utrisque
421 200 537 239 armis
561 203 729 240 vacant?
759 202 851 240 Non
874 215 1017 249 vereor,
1041 214 1090 240 ne
1108 203 1267 242 acerbus

142 254 233 292 civis
245 254 450 316 quisquam
468 255 630 293 istorum
645 256 706 302 sit,
724 256 792 306 qui
804 256 880 294 otio
892 255 1136 294 delecmtur.
1166 257 1265 295 Ter-

140 307 194 346 tio
209 321 296 346 vero
314 309 458 359 generi,
473 321 549 346 non
563 308 734 347 militum
747 323 770 347 1
772 317 1024 355 eteranorum,
1042 310 1128 348 sed
1118 323 1261 362 lmpor-

140 362 429 400 tunissimorum
466 362 649 409 hostium,
683 363 793 414 cupio
827 377 945 414 quarn
974 364 1261 403 acerbissimum

138 415 306 454 dolorem
314 417 475 454 inurere.
490 417 755 468 Quamquam,
764 425 888 468 patres
897 417 1110 468 conscripti,
1120 432 1262 469 quous-

138 483 214 521 que
229 470 398 508 dicemus
411 470 613 509 sententias
628 482 891 509 veteranorum
908 471 1091 508 arbitratu
1109 474 1126 510 ?
1156 473 1261 523 quod

138 536 271 561 eorum
292 532 443 562 tantum
462 524 659 562 fastidium
679 534 748 573 est,
777 539 863 576 quae
893 532 998 562 tanta
1028 527 1256 576 arrogantia,

137 585 181 615 ut
201 577 250 616 ad
272 579 473 616 arbitrium
502 579 659 617 illorum
687 579 932 630 imperatores
970 579 1083 616 etiam
1114 579 1257 630 deliga-

136 644 225 669 mus
239 632 257 669 ?
285 633 373 683 Ego
396 641 525 671 autem
560 633 781 677 (dicendum
805 640 859 671 est
879 632 994 679 enim,
1015 640 1140 683 patres
1168 646 1257 671 con-

138 686 280 737 scripti,
302 686 405 737 quod
420 687 556 735 sentio)
572 700 648 725 non
660 695 740 724 tam
760 694 954 725 veteranos
968 687 1172 725 intuendos
1188 699 1257 726 no-

136 739 195 777 bis
217 741 390 787 arbitror,
421 738 539 793 quafn
568 741 661 793 quid
689 741 828 778 tirones
846 741 999 788 milites,
1027 741 1095 779 flos
1118 741 1255 790 Italiae,

138 794 233 845 quid
257 807 366 832 novae
383 795 562 845 legiones,
584 795 633 833 ad
650 794 888 833 liberandam
914 795 1078 845 patriam
1097 796 1257 846 paratis-

137 848 257 894 simae,
275 848 370 900 quid
398 856 533 887 cuncta
554 849 667 887 Italia
689 849 736 886 de
754 849 875 886 vestra
895 849 1078 899 gravitate
1103 849 1254 887 sentiat.

137 902 250 940 Nihil
268 902 371 940 enim
397 916 545 953 semper
570 903 701 940 floret:
733 910 822 940 aetas
846 902 1011 940 succedit
1030 903 1154 940 aetati:
1187 903 1254 942 diu

134 956 301 1006 legiones
339 955 501 995 Caesaris
531 957 758 1007 viguerunt:
800 969 902 995 nunc
940 956 1069 1007 vigent
1102 957 1252 1004 Pansae,

135 1018 264 1061 vigent
293 1010 428 1058 Hirtii,
458 1011 586 1062 vigent
623 1009 782 1050 Caesaris
808 1010 891 1059 filii,
926 1010 1055 1072 vigent
1089 1011 1247 1049 Planci:

135 1063 293 1102 vincunt
317 1077 491 1125 numero,
522 1065 678 1103 vincunt
698 1065 896 1103 aetatibus:
927 1064 1111 1102 nimirum
1137 1065 1253 1103 etiam

134 1118 355 1156 auctoritate
373 1118 543 1157 vincunt.
588 1119 637 1157 Id
667 1119 769 1157 enim
798 1119 945 1156 bellum
971 1127 1122 1169 gerunt,
1147 1119 1251 1170 quod

134 1174 182 1210 ab
206 1173 384 1211 omnibus
403 1173 579 1223 gentibus
601 1174 879 1224 comprobatur.
923 1173 1058 1224 Itaque
1077 1173 1137 1210 his
1156 1187 1254 1224 prae-

133 1226 213 1264 mia
231 1227 415 1278 promissa
430 1235 543 1270 sunt·
564 1227 640 1265 11115
658 1227 862 1278 persoluta-
892 1226 1087 1264 Fruantur
1098 1226 1157 1264 his
1172 1227 1251 1273 illi3

133 1281 282 1331 persoh
283 1289 396 1318 antur
419 1280 493 1329 his,
521 1295 607 1332 quae
625 1281 909 1342 spopondimus.
957 1280 1007 1318 Id
1025 1280 1128 1318 enim
1147 1280 1253 1319 Deos

133 1335 368 1373 immortales
383 1348 490 1387 spero
509 1335 770 1386 aequissimum
785 1334 967 1384 judicare.

189 1388 290 1436 Quae
308 1402 398 1427 cum
426 1389 480 1427 ita
512 1390 600 1436 sint,
633 1401 731 1436 eam,
753 1401 871 1440 quam
890 1388 985 1436 dixi,
1007 1388 1248 1439 sententiam,

133 1443 254 1492 vobis,
273 1451 399 1495 patres
412 1443 627 1496 conscripti,
641 1456 775 1482 censeo
793 1443 1126 1494 comprobandam.
