1509 2397
541 475 773 516 ORATIO
802 476 918 515 XLI.

434 722 565 770 PRO
611 722 672 781 Q.
712 721 1010 770 LIGARIO.

543 850 610 888 Ad
632 850 677 889 C.
705 851 912 889 Caesarem.

645 994 795 1030 -ψ-

500 1114 945 1155 ARGUMENTUM.

157 1237 466 1286 Q.L1‹3Amus
493 1237 642 1289 legatus
670 1238 842 1277 Considii
869 1235 1104 1289 proconsulis
1125 1237 1166 1274 in
1194 1250 1282 1288 pro-

158 1292 283 1330 vincia
298 1291 435 1329 Africa
452 1291 550 1329 fuit:
574 1305 621 1330 ex
640 1305 719 1343 qua
737 1291 826 1330 curn
846 1291 1041 1329 decederet
1059 1290 1280 1339 Considius,

156 1346 191 1384 ei
205 1345 374 1398 praefecit
389 1345 607 1396 Ligarium,
623 1346 728 1397 quod
747 1353 784 1384 et
801 1346 964 1411 dignum
985 1358 1029 1383 eo
1047 1345 1190 1383 honore
1208 1358 1282 1396 pu-

153 1401 273 1448 tabat,
290 1407 327 1438 et
340 1399 549 1450 gratiosum
569 1412 648 1438 esse
661 1399 701 1438 in
716 1399 911 1452 provincia
925 1399 1088 1437 videbat.
1118 1399 1283 1438 Interim

154 1454 260 1492 fama
278 1453 326 1492 de
344 1453 445 1492 bello
464 1453 566 1492 civili
584 1461 666 1492 orto
679 1454 720 1491 in
735 1453 911 1492 Africam
926 1461 983 1491 est
1000 1453 1170 1505 perlata.
1201 1453 1281 1505 qua

153 1507 336 1547 commoti
364 1507 462 1546 cives
482 1508 550 1559 qui
567 1508 608 1546 in
627 1507 700 1546 ista
721 1507 917 1559 provincia
940 1514 1060 1554 erant,
1086 1513 1123 1545 et
1141 1507 1280 1559 reliqui

151 1562 415 1614 provincialeS,
443 1562 548 1613 quod
567 1562 743 1613 Pompeii
761 1562 802 1600 in
819 1561 953 1613 primis
980 1560 1138 1600 studiosi
1157 1569 1278 1611 erant,

150 1629 242 1655 eum
260 1616 398 1654 ducem
417 1616 489 1654 sibi
508 1629 586 1654 esse
604 1616 822 1663 voluerunt,
842 1628 919 1667 quo
938 1623 1068 1654 contra
1087 1615 1279 1654 Caesarem

151 1677 360 1709 uterentur.
390 1670 479 1709 Hoc
494 1682 638 1708 munus
658 1683 747 1709 cum
766 1670 836 1708 iste
854 1677 1056 1718 recusaret,
1070 1669 1218 1716 accidit,
1233 1676 1278 1708 ut

151 1725 200 1763 P.
221 1724 357 1763 Attius
376 1725 518 1773 Varus,
540 1725 609 1776 qui
626 1724 803 1776 praetorio
821 1724 982 1775 imperio
993 1723 1179 1762 inAfrici).
1193 1723 1277 1762 fue-

148 1787 222 1827 rat,
243 1779 399 1817 Uticam
414 1779 573 1826 veniret,
590 1785 628 1816 et
646 1779 820 1818 oblatum
839 1778 911 1816 sibi
922 1777 1129 1828 imperium
1147 1777 1276 1830 priva-

149 1839 212 1872 tus
224 1833 442 1885 susciperet.
470 1833 569 1871 Haec
579 1833 674 1871 dum
692 1839 892 1884 geruntur,
914 1832 966 1880 Q.
977 1831 1135 1870 Tubero
1155 1845 1202 1870 ex
1217 1844 1277 1870 se-

147 1889 277 1925 natus·
279 1887 480 1926 consulto
468 1900 510 1925 m
528 1887 763 1938 provinciam
775 1886 889 1925 venit.
923 1886 1013 1934 Sed,
1029 1885 1162 1937 quod
1152 1898 1275 1937 lmpe-

148 1941 250 1979 rium
266 1942 349 1991 jam
367 1943 416 1980 ab
435 1941 510 1980 alio
529 1948 608 1979 erat
627 1948 870 1992 occupatum,
892 1953 941 1979 ex
960 1954 1005 1979 ea
1023 1939 1274 1991 repulsus,in

149 2002 271 2034 castra
280 1995 457 2047 Pompeii
470 2008 509 2034 se
520 1995 701 2040 contulit;
722 1994 854 2046 ibique
865 2001 996 2034 contra
1008 1994 1200 2033 Caesarem
1213 2006 1275 2031 ar-

147 2061 213 2088 ma
225 2049 325 2088 tulit.
336 2050 501 2098 Verum,
515 2049 702 2101 Pompeio
709 2057 875 2097 mortuo,
889 2054 1046 2099 totoque
1057 2047 1158 2086 bello
1170 2059 1275 2086 com-

146 2103 284 2164 posito,
304 2117 393 2142 cum
413 2103 541 2143 Caesar
562 2103 661 2142 inter
683 2103 777 2141 alios
803 2104 919 2144 etiam
939 2101 1139 2143 Tuberoni
1162 2101 1273 2153 igno-

147 2156 274 2203 visset,
290 2157 393 2196 filius
404 2158 487 2208 ejus
506 2157 724 2209 Ligarium,
740 2157 809 2209 qui
822 2155 952 2196 Roma
970 2157 1114 2204 aberat,
1135 2163 1174 2194 et
1187 2155 1273 2195 Cae-

146 2223 270 2251 sarem
294 2210 436 2251 iratum
457 2212 637 2261 habebat,
661 2210 765 2265 quod
784 2218 822 2251 et
847 2210 929 2264 ipse
948 2184 1273 2302 Pgmpeianarum

937 2275 963 2303 o
