1509 2397
234 91 312 138 276
470 89 811 132 PHILIPPICA
829 91 882 132 V.
903 92 1009 132 CAP.
1033 95 1096 134 10.

286 202 355 240 Ad
373 202 477 241 hunc
493 201 579 245 (Dii
592 202 684 240 boni
699 202 728 251 !)
747 201 892 253 legatos
905 202 1009 241 mitti
1025 202 1174 255 placet?
1194 203 1359 244 Norunt'

231 256 296 294 isti
314 256 488 295 homines
507 256 671 294 formam
690 256 922 307 reipublicae,
940 258 1030 306 jura
1047 257 1153 305 belli,
1178 259 1357 311 exempla

234 312 459 359 majorum?
490 310 685 362 Cogitant,
706 289 800 362 qiiid
819 285 954 362 popiili
973 311 1143 350 Romani
1160 313 1354 362 majestas,

235 365 331 415 quid
356 368 507 403 senatus
537 365 729 411 severitas,
759 366 952 416 postulet?
993 366 1159 417 Legatos
1188 366 1357 405 decerni-

233 418 314 457 tis?
345 419 390 465 si,
406 428 451 457 ut
469 419 732 471 deprecentur,
751 426 992 458 contemnet:
1023 420 1069 467 31,
1089 427 1133 458 ut
1150 420 1359 472 imperetis,

237 485 315 511 non
335 474 487 512 audiet:
519 473 699 525 denique,
732 474 909 525 quamvis
938 487 1067 512 severa
1096 474 1232 525 legatis
1249 487 1362 513 man-

237 527 328 566 data
365 528 595 575 dederimus,
630 540 771 565 nomen
814 527 944 579 ipsum
989 528 1205 579 legatorum
1241 528 1361 577 hunc,

237 595 354 633 quem
370 582 559 629 videmus,
579 582 715 633 populi
737 582 907 619 Romani
925 582 1136 633 restinguet
1154 582 1327 621 ardorem
1345 598 1357 622 z

238 636 540 688 municipiorum
559 644 674 688 atque
692 635 815 674 Italiae
829 635 979 687 franget
993 636 1152 675 animos.
1181 637 1240 675 Ut
1252 637 1368 675 omit-

236 697 319 728 tam
336 691 432 737 haec,
450 704 536 742 quae
555 702 698 741 magna
716 697 832 736 sunt;
855 698 953 728 certe
972 691 1045 728 ista
1058 691 1198 742 legatio
1217 703 1367 730 moram

239 752 277 782 et
296 745 514 783 tarditatem
545 744 676 782 afferet
693 744 806 783 bello.
841 744 1040 795 ,Quamvis
1069 744 1211 794 dicant,
1246 744 1369 796 (quod

239 799 427 850 quosdam
454 799 569 837 audio
598 799 781 845 dicturos)
822 800 851 820 “
886 798 1025 849 Legati
1053 799 1339 850 proficiscantur
1353 812 1370 838 τ

239 854 389 891 bellum
408 853 659 892 nihilominus
678 860 834 904 paretur
847 853 889 897 ;''
918 861 1048 891 tamen
1067 853 1282 904 legatorum
1299 865 1370 892 no-

240 919 331 945 men
351 907 478 959 ipsum
499 915 535 946 et
564 907 713 945 animos
732 906 937 945 hominum
955 907 1118 957 molliet,
1138 914 1176 946 et
1198 906 1293 946 belli
1309 908 1375 947 ce-r‘

242 961 433 1000 leritatem
452 962 677 1001 morabitur.

296 1016 350 1054 X.
382 1016 561 1054 Minimis
573 1015 793 1063 momentis,
812 1024 939 1068 patres
958 1016 1174 1069 conscripti,
1185 1016 1376 1056 maximae‘

240 1070 504 1109 inclinationes
518 1079 738 1122 temporum
757 1070 870 1119 fiunt,
891 1084 982 1109 cum
1000 1071 1040 1109 in
1060 1072 1168 1110 omni
1187 1084 1275 1110 oesu
1293 1071 1369 1110 rei-

242 1125 422 1176 publicae,
443 1133 530 1163 tum
543 1125 583 1162 in
603 1125 720 1171 bello,
741 1131 779 1162 et
797 1124 968 1163 maxime
986 1125 1102 1172 civili,
1122 1125 1227 1177 quod
1244 1124 1371 1177 opini-

242 1191 315 1217 one
333 1179 563 1230 plerumque
583 1186 620 1217 et
638 1178 743 1216 fama
769 1180 1018 1228 gubernatur.
1049 1179 1179 1218 Nemo
1207 1186 1367 1231 quaeret,

242 1233 384 1284 quibus
422 1246 511 1271 cum
550 1232 742 1270 mandatis
778 1232 923 1283 legatos
954 1233 1196 1272 miserimus:
1226 1245 1368 1273 nomen

240 1287 372 1338 ipsum
391 1287 591 1337 legationis
609 1287 711 1324 ultro
729 1286 855 1325 missae
874 1286 1022 1325 timoris
1041 1300 1121 1326 esse
1139 1288 1293 1339 signum
1310 1287 1370 1326 vi-

245 1341 408 1380 debitur.
431 1341 600 1380 Recedat
612 1355 635 1379 a
649 1341 697 1379 M
700 1341 834 1386 utin&
824 1355 834 1364 ·
856 1340 1004 1380 desinat
1022 1354 1246 1393 oppugnare
1262 1342 1369 1380 Bru-

243 1402 357 1441 tum3
386 1395 543 1433 decedat
567 1409 615 1433 ex
636 1395 778 1433 Gallis„
809 1396 902 1433 Non
922 1403 977 1434 est
1003 1395 1126 1434 verbis
1145 1395 1366 1448 rogandus;

245 1450 437 1510 cogendus
457 1458 512 1487 est
532 1449 661 1488 armis.
693 1450 786 1488 Non
806 1449 906 1487 enim
928 1450 978 1488 ad
997 1450 1261 1489 Hannibalem
1279 1450 1372 1489 mit-

246 1504 379 1549 timus,
400 1512 445 1542 ut
464 1517 486 1541 a
513 1505 685 1554 Sagunto
703 1503 866 1551 recedat,
887 1503 936 1542 ad
955 1517 1073 1556 quem
1098 1504 1253 1543 miserat
1273 1504 1370 1543 olim

247 1566 400 1596 senatus
421 1558 467 1596 P.
489 1558 691 1596 Valerium
712 1558 895 1596 Flaccum
916 1566 953 1596 et
972 1558 1023 1606 Q.
1045 1558 1227 1596 Baebium
1245 1558 1372 1597 Tam-

246 1612 387 1663 pilum,
413 1612 495 1664 qui,
517 1612 548 1650 si
576 1612 775 1650 Hannibal
800 1625 878 1650 non
907 1619 1070 1664 pareret,
1098 1612 1372 1664 Carthaginem

248 1666 305 1703 ire
319 1666 420 1715 jussi
438 1673 539 1704 sunt.
571 1667 733 1705 Nostros
751 1667 896 1718 legatos
916 1679 994 1718 quo
1009 1666 1233 1716 jubebimus
1250 1666 1319 1715 ire,
1339 1667 1373 1706 31

249 1732 328 1758 11011
346 1720 516 1772 paruerit
535 1720 764 1759 Antonius?
797 1719 886 1770 [Ad
910 1728 1085 1758 nostrum
1103 1721 1225 1759 civem
1251 1721 1377 1760 mitti-

249 1776 376 1827 mus,]
397 1787 446 1812 ne
464 1774 749 1825 imperatorem,
774 1787 823 1812 ne
842 1774 1031 1813 coloniam
1049 1775 1185 1826 populi
1204 1775 1376 1814 Romani

249 1831 481 1930 01331ῑέ
499 1829 777 1929 11311οὲ,
789 1829 1377 1930 „aasz-wrm

249 1937 351 1975 hanc
368 1938 505 1975 urbem
524 1897 735 1988 oppugnes
763 1950 812 1975 311
839 1937 959 1987 hujus
985 1937 1091 1976 urbis
1108 1950 1379 1988 propugnacu-

251 1991 352 2038 lum,
372 1991 561 2029 coloniam
579 1991 715 2042 populi
734 1991 918 2039 Romani,
938 1991 1105 2043 praesidii
1129 2004 1244 2030 musa
1261 1992 1379 2030 00Πο-

254 2054 403 2083 catam.
394 2047 411 2073 ’θ
442 2045 546 2083 Belli
576 2044 715 2083 Punici
735 2045 905 2093 secundi,
932 2045 1037 2097 quod
1055 2052 1186 2084 contra
1213 2046 1377 2095 majoroe

254 2106 402 2137 nostros
422 2099 622 2137 Hannibal
640 2099 768 2150 gessit,
789 2112 902 2138 causa
915 2099 991 2138 fuit
1003 2099 1166 2151 Sagunti
1177 2111 1381 2150 oppugna-

254 2152 320 2190 tio.
351 2153 471 2191 Recte
490 2153 539 2191 ad
558 2166 649 2191 eum
662 2153 778 2204 legati
796 2153 928 2197 1111331.
957 2153 1209 2192 mittebantur
1227 2152 1276 2190 ad
1290 2152 1382 2192 Poe-

254 2218 377 2249 num·
408 2207 661 2246 mittebantur
677 2220 748 2259 pro
779 2207 1013 2247 Hannibalis
1032 2207 1220 2255 hostibus,
1243 2207 1381 2247 nostris
