1509 2397
435 77 500 115 IN
530 78 804 118 PISONEM.
835 79 941 118 CAP.
971 79 1035 117 28.
1238 76 1289 120 57

179 195 257 230 cus,
286 183 458 233 infamia,
486 186 698 238 turpitudo,
726 189 840 226 verba
869 195 958 225 sunt
987 193 1104 237 atque
1126 183 1291 234 ineptiae.

179 236 254 274 Sed
271 237 318 275 de
331 238 403 276 hoc
424 250 502 276 non
521 241 678 279 dubito:
709 254 786 279 non
805 241 961 278 audebit
979 239 1152 278 accedere
1166 238 1215 276 ad
1233 237 1295 274 lu-

178 289 257 328 dos.
298 291 527 329 Convixdum
554 295 752 344 publicum
773 307 850 332 non
881 294 1076 345 dignitatis
1095 291 1216 343 gratia
1234 290 1294 328 in-

178 342 262 391 ibit,
283 345 373 387 (nisi
390 345 486 383 forte
500 354 544 384 ut
558 360 646 384 cum
659 348 705 385 P.
720 348 869 394 Clodio,
885 348 958 386 hoc
971 355 1040 394 est,
1056 359 1144 385 cum
1157 344 1297 383 amori-

181 397 253 435 bus
271 399 362 445 suis,
383 408 518 445 coenet)
537 401 602 438 sed
620 402 734 452 plane
752 402 872 439 animi
890 403 949 439 sui
968 401 1094 440 causa.

234 451 366 490 Ludos
385 454 493 491 nobis
510 454 636 493 idiotis
662 456 874 507 relinquet:
906 456 999 493 solet
1020 455 1137 501 enim,
1162 453 1201 491 in
1222 452 1299 490 dis-

180 506 441 555 putationibus
471 508 561 555 suis,
593 510 790 547 oculorum
821 518 858 548 et
883 510 1035 547 aurium
1061 506 1301 546 delectationi

181 558 394 598 abdominis
407 562 618 613 voluptates
633 564 828 602 anteferre.
860 564 981 610 Nam,
996 563 1100 615 quod
1112 562 1218 600 vobis
1230 561 1300 598 iste

182 614 450 653 tantummodo
486 617 700 668 improbus,
735 618 896 656 crudelis
925 618 1019 656 olim
1055 615 1300 661 furunculus,

182 677 286 706 nunc
304 681 392 706 vero
411 669 528 707 etiam
545 684 678 722 rapax,
711 672 815 723 quod
836 671 1022 719 sordidus,
1043 670 1147 722 quod
1168 676 1302 707 contu-

183 732 290 769 max,
311 723 415 773 quod
434 726 634 775 superbus,
662 726 766 777 quod
784 726 918 774 fallax,
939 725 1043 777 quod
1061 723 1300 776 perfidiosus,

183 775 288 825 quod
301 776 518 828 impudens,
532 779 636 830 quod
650 780 776 818 audax
796 793 874 818 esse
893 780 1066 818 videatur
1079 792 1091 823 ς
1121 777 1219 815 nihil
1233 776 1305 814 sci-

183 835 261 866 tote
280 843 359 868 esse
376 831 623 881 luxuriosius,
644 833 741 871 nihil
764 834 1017 881 libidinosius,
1052 832 1149 870 nihil
1178 838 1303 882 poste-

185 882 278 930 rius,
299 884 396 922 nihil
414 886 591 938 nequius.
633 887 851 926 Luxuriam
871 895 1000 926 autem
1025 887 1067 924 in
1091 887 1163 924 isto
1188 884 1307 922 nolite

187 936 286 976 hanc
304 939 479 989 cogitare.
509 940 583 979 Est
600 941 704 979 enim
716 942 908 994 quaedam,
929 953 1168 993 quamquam
1179 938 1306 977 omnis

188 997 244 1028 est
279 991 414 1031 vitiosa
442 1002 557 1046 atque
587 995 722 1047 turpis,
754 1004 884 1034 tamen
915 995 1083 1047 ingenuo
1116 1007 1159 1032 ac
1188 993 1308 1031 libero

187 1043 348 1095 dignior.
378 1047 491 1085 Nihil
502 1049 606 1100 apud
624 1050 728 1088 hunc
738 1051 905 1098 lautum,
917 1050 1016 1087 nihil
1030 1050 1196 1099 elegans,
1209 1046 1309 1084 nihil

187 1099 422 1150 exquisitum
437 1116 447 1140 ι
476 1103 643 1142 laudabo
654 1104 880 1142 inimicum:
910 1116 959 1143 ne
976 1114 1208 1154 magnopere
1220 1100 1309 1151 qui-

189 1151 277 1190 dem
297 1154 525 1207 quidquam,
556 1165 692 1208 praeter
716 1159 908 1206 libidines,
929 1165 1184 1196 sumtuosum.
1227 1154 1309 1192 To-

188 1218 321 1245 reuma
339 1210 511 1248 nullum:
534 1212 696 1250 maximi
710 1213 856 1260 calices,
877 1220 914 1250 et
926 1212 982 1258 hi,
1002 1223 1050 1249 ne
1069 1219 1310 1249 contemnere

189 1272 276 1298 suos
291 1262 476 1312 videatur,
490 1266 727 1304 Placentini:
759 1274 950 1305 exstructa
967 1278 1113 1311 mensa,
1130 1276 1206 1301 non
1219 1274 1309 1300 con-

190 1314 326 1365 chyliis
355 1325 422 1355 aut
450 1318 634 1369 piscibus,
664 1320 729 1358 sed
759 1321 886 1358 multa
921 1332 1034 1357 carne
1070 1314 1308 1356 subrancida.

192 1368 300 1406 Servi
336 1371 515 1410 sordidati
546 1373 777 1420 ministrant,
816 1373 993 1411 nonnulli
1030 1373 1146 1411 etiam
1179 1383 1309 1409 senes:

191 1420 294 1460 idem
327 1437 484 1475 coquus,
517 1426 620 1465 idem
650 1427 820 1466 atriensis
838 1442 848 1465 :
878 1427 997 1478 pistor
1029 1426 1135 1464 domi
1163 1425 1310 1471 nullus,

193 1476 301 1514 nulla
318 1479 435 1517 cella:
466 1481 574 1531 panis
587 1488 624 1519 et
635 1482 769 1520 vinum
785 1495 808 1519 a
824 1480 982 1533 propola
997 1487 1111 1531 atque
1124 1479 1170 1517 de
1185 1477 1307 1529 cupa:

195 1528 320 1569 Graeci
338 1533 480 1583 stipati,
494 1535 603 1586 quini
621 1535 661 1573 in
679 1536 842 1582 lectulis,
860 1548 958 1586 saepe
972 1534 1100 1585 plures
1118 1547 1129 1578 ;
1160 1533 1240 1583 ipse
1253 1544 1313 1570 so-

193 1582 269 1631 lus,
303 1584 526 1634 [bibiturus,
559 1603 646 1640 quae
665 1589 798 1628 eodem
817 1590 864 1627 de
883 1589 984 1627 dolio
1011 1587 1311 1637 ministrentur.]

194 1637 274 1676 Ubi
292 1640 386 1690 galli
404 1650 559 1679 cantum
587 1644 746 1691 audivit,
767 1656 884 1681 avum
903 1655 1018 1681 suum
1042 1640 1222 1679 revixisse
1239 1653 1315 1691 pu-

194 1697 273 1730 tat:
302 1705 476 1733 mensam
495 1697 577 1734 tolli
591 1698 713 1746 jubet.

249 1745 459 1787 XXVIII.
490 1749 604 1788 Dicet
615 1751 768 1802 aliquis,
784 1751 900 1789 Unde
915 1749 985 1788 tibi
998 1750 1080 1788 haec
1091 1756 1182 1787 nota
1196 1750 1312 1786 sunt?

197 1798 290 1837 Non
310 1803 558 1852 (mehercule)
571 1805 812 1843 contumeliae
831 1806 944 1843 causa
955 1804 1166 1842 describam
1178 1815 1316 1853 quem-

197 1865 329 1903 quam,
349 1858 560 1906 praesertim
577 1859 819 1909 ingeniosum
836 1858 1035 1896 hominem
1054 1865 1169 1909 atque
1189 1855 1316 1894 erudi-

198 1913 297 1955 tum,
317 1909 380 1947 cui
410 1912 540 1961 generi
572 1926 649 1950 esse
669 1926 738 1964 ego
757 1913 890 1959 iratus,
917 1925 980 1959 ne,
1007 1912 1038 1950 si
1057 1911 1210 1962 cupiam
1230 1910 1317 1961 qui-

198 1959 301 2009 dem,
320 1975 488 2013 possum.
518 1966 591 2004 Est
605 1967 763 2017 quidam
785 1967 956 2013 Graecus,
977 1965 1045 2017 qui
1063 1977 1151 2003 cum
1170 1965 1242 2002 isto
1260 1964 1318 2001 vi-

199 2013 267 2061 vit,
277 2015 406 2064 homo,
416 2032 502 2057 vere
514 2027 558 2057 ut
570 2020 709 2068 dicam,
724 2021 793 2063 (sic
804 2021 905 2058 enim
920 2019 1095 2070 cognovi)
1107 2018 1317 2065 humanus,

201 2068 266 2106 sed
284 2071 445 2121 tamdiu,
465 2074 650 2125 quamdiu
670 2088 759 2113 cum
778 2075 862 2112 aliis
881 2082 950 2121 est,
976 2080 1045 2111 aut
1073 2073 1155 2124 ipse
1174 2083 1317 2110 secum.

203 2120 244 2159 Is
261 2135 350 2161 cum
367 2125 481 2165 istum
503 2128 794 2176 adolescentem,
811 2130 895 2178 jam
913 2135 999 2165 tum
1024 2140 1114 2165 cum
1141 2127 1214 2164 hac
1232 2124 1323 2162 Diis

201 2174 296 2215 irata
311 2178 449 2228 fronte,
469 2181 636 2229 vidisset,
655 2195 733 2221 non
757 2182 858 2234 fugit
878 2183 959 2232 ejus
978 2180 1200 2229 amicitiam,
1231 2190 1321 2217 cum
