1509 2397
181 47 232 84 54
439 45 503 83 IN
534 44 810 85 PISONEM.
841 43 948 85 CAP.
976 46 1042 84 25.

182 154 286 201 telle,
307 152 353 191 C.
374 152 507 200 Curio,
529 154 576 192 P.
596 154 795 201 Africane,
819 167 887 192 cur
912 167 990 193 non
1012 154 1117 192 hunc
1142 153 1304 193 audistis

184 216 266 245 tam
284 207 440 245 doctum
459 207 670 256 hominem,
686 216 766 246 tam
786 208 994 254 eruditum,
1014 208 1120 259 prius
1132 221 1250 259 quam
1262 208 1304 246 in

185 261 303 299 istum
323 274 484 299 errorem
505 261 808 300 induceremini?
852 262 896 300 C.
917 262 992 313 ipsi
1021 261 1216 309 Pomtino,
1235 274 1304 300 ne-

186 315 345 354 cessario
373 328 474 363 meo,
505 316 588 365 jam
620 328 698 354 non
729 324 785 354 est
811 315 1030 367 integrum:
1059 315 1307 366 religionibus

188 369 292 408 enim
321 369 502 420 susceptis
531 369 752 421 impeditur.
793 370 831 408 Ο
853 370 987 408 stultos
1006 369 1204 417 Camillos,
1226 370 1308 408 Cu-

188 423 277 485 rios,
292 423 499 470 Fabricios,
510 423 718 471 Calatinos,
733 424 939 475 Scipiones,
954 423 1174 484 Marcellos,
1189 424 1310 462 Max-

190 478 313 515 imos.
305 477 313 503 ⁹
352 489 374 514 o
411 485 603 515 amentem
641 478 839 515 Paulum!
879 477 1064 515 rusticum
1102 477 1305 515 Marium!

189 531 335 569 nullius
347 531 492 569 consilii
503 540 587 582 pat1
590 544 628 569 es
639 532 779 570 horum
793 533 997 569 amborum
1011 531 1229 581 consulum,
1242 531 1311 584 qui

189 585 508 636 triumpharunt!

245 639 383 677 XXV.
414 639 502 687 Sed,
523 640 707 691 quoniam
725 639 916 692 praeterita
927 646 1078 678 mutare
1089 652 1166 678 non
1176 652 1312 691 possu-

194 706 296 740 mus,
318 692 412 744 quid
431 703 548 732 cessat
565 694 628 731 hic
645 694 856 741 homullus,
871 707 918 731 ex
937 693 1071 745 argilla
1089 701 1127 732 et
1143 695 1228 732 luto
1245 694 1313 732 fic-

196 755 258 785 tus
277 747 505 798 Epicureus,
519 748 608 785 dare
622 748 704 786 haec
721 749 902 799 praeclara
920 755 1110 799 praecepta
1120 747 1315 799 sapientiae

195 801 403 840 clarissimo
423 809 460 839 et
474 814 626 840 summo
644 802 878 853 imperatori,
897 814 1035 852 genero
1049 814 1118 840 suo
1128 804 1146 840 Ρ
1175 802 1315 840 Fertur

194 855 260 893 ille
279 855 349 902 vir,
370 854 467 892 mihi
487 856 609 903 crede,
629 856 775 907 gloria:
806 856 956 906 flagrat,
982 856 1089 894 ardet
1107 856 1315 907 cupiditate

191 909 288 959 justi
307 916 344 947 et
357 910 491 959 magni
508 910 707 960 triumphi.
738 911 829 948 Non
841 909 973 947 didicit
983 909 1116 948 eadem
1127 910 1213 957 ista,
1227 923 1316 962 quae

195 971 263 1001 tu:
293 963 403 1001 mitte
422 963 470 1000 ad
490 977 579 1001 eum
603 964 792 1002 libellum.
828 963 904 1002 Sed
919 965 1017 1013 jam,
1038 964 1070 1001 si
1087 963 1168 1015 ipse
1186 976 1315 1002 coram

195 1017 374 1068 congredi
402 1018 557 1068 poteris,
587 1018 785 1065 meditare,
820 1017 960 1069 quibus
978 1017 1102 1055 verbis
1121 1017 1316 1056 incensam

194 1071 287 1109 illus
306 1071 554 1122 cupiditatem
569 1072 797 1123 comprimas
811 1080 926 1123 atque
943 1071 1168 1122 restinguas.
1198 1071 1317 1110 Vale-

197 1125 256 1164 bis
275 1125 379 1176 apud
396 1125 593 1164 hominem
613 1126 835 1164 volitantem
865 1125 996 1172 gloriae
1019 1125 1238 1176 cupiditate,
1259 1125 1319 1163 vir

196 1179 416 1217 moderatus
447 1187 483 1217 et
512 1187 711 1224 constans3
743 1179 847 1231 apud
877 1179 1088 1227 indoctum,
1119 1179 1316 1225 eruditus;

198 1233 302 1285 apud
317 1246 515 1284 generum,
536 1247 649 1272 socer.
681 1234 797 1272 Dices
815 1233 933 1281 enim,
955 1238 1016 1275 (ut
1034 1246 1073 1270 es
1085 1233 1201 1271 homo
1219 1233 1320 1272 face-

200 1296 277 1334 tus,
298 1287 347 1324 ad
365 1287 672 1338 persuadendum
692 1288 911 1333 concinnus,
924 1287 1126 1338 perfectus,
1141 1286 1284 1338 politus
1298 1300 1320 1326 e

200 1341 347 1388 schola)
369 1344 396 1363 “
413 1341 523 1389 Quid
537 1350 605 1388 est,
620 1342 760 1389 Caesar,
777 1341 882 1393 quod
900 1348 937 1379 te
956 1340 1248 1392 supplicationes
1262 1347 1322 1379 to-

200 1395 271 1433 ties
290 1395 462 1441 decretae,
476 1404 533 1434 tot
546 1395 710 1443 dierum,
726 1403 923 1446 tantopere
934 1395 1119 1433 delectent
1133 1397 1150 1433 9
1179 1394 1220 1432 111
1234 1394 1322 1446 qui-

201 1451 275 1487 bus
292 1449 468 1487 homines
496 1463 618 1488 errore
637 1450 856 1493 ducuntur3
887 1462 982 1500 quas
1001 1448 1070 1486 Dii
1089 1448 1320 1500 negligunt·
1305 1477 1320 1494 ‚

203 1503 286 1564 qui,
306 1511 351 1541 ut
369 1512 495 1542 noster
512 1504 578 1542 ille
596 1504 748 1542 divinus
767 1503 865 1541 dixit
879 1503 1085 1573 Epicurus,
1098 1515 1224 1553 neque
1234 1514 1324 1554 pro-

203 1557 290 1608 pitii
308 1558 490 1608 cuiquam
508 1571 588 1596 esse
606 1559 743 1605 solent,
767 1570 893 1608 neque
918 1557 1015 1594 irati.
1020 1557 1045 1573 ''
1086 1557 1177 1594 Non
1209 1555 1325 1595 facies

203 1611 321 1649 fidem
340 1612 493 1658 scilicet,
515 1625 603 1650 eum
622 1613 704 1650 haec
721 1587 957 1663 disputabis.
987 1610 1057 1648 tibi
1071 1610 1175 1649 enim
1194 1618 1232 1648 et
1245 1623 1326 1649 asse

204 1672 242 1702 et
259 1665 375 1703 fuisse
394 1665 498 1703 Deos
517 1666 683 1704 videbit
673 1675 798 1704 lratos.

260 1719 398 1757 Vertes
417 1727 454 1757 te
473 1719 522 1757 ad
541 1720 700 1758 alteram
720 1719 914 1758 scholam:
945 1719 1101 1758 disseres
1126 1719 1173 1756 de
1186 1719 1326 1757 trium-

205 1773 309 1825 pho;
341 1776 370 1795 “
391 1772 500 1820 Quid
518 1774 673 1812 tandem
691 1774 808 1812 habet
817 1774 888 1812 iste
902 1776 1066 1812 currus?
1096 1773 1191 1825 quid
1210 1773 1330 1811 vincti

207 1834 297 1865 ante
333 1840 489 1865 currum
521 1827 668 1867 duces?
703 1828 797 1880 quid
830 1827 1034 1866 simulacra
1061 1827 1325 1888 oppidorum?

207 1881 303 1933 quid
322 1894 486 1920 aurum.
477 1883 494 1907 ⁹
524 1881 618 1932 quid
636 1884 872 1933 argentum?
901 1881 996 1933 quid
1013 1881 1153 1932 legati'
1142 1893 1183 1918 111
1204 1880 1328 1932 equis,

208 1943 246 1974 et
278 1935 454 1973 tribuni?
490 1935 585 1986 quid
615 1937 758 1974 clamor
786 1935 990 1974 militum?
1028 1934 1123 1987 quid
1151 1942 1231 1972 tota
1259 1934 1329 1972 illa

208 1991 387 2041 pompa?
416 1989 547 2027 inania
565 1998 655 2027 sunt
679 1990 764 2038 ista,
788 1990 886 2028 mihi
911 1988 1033 2036 crede,
1055 1989 1330 2027 delectamenta

209 2055 319 2095 paene
343 2056 565 2095 puerorum,
592 2051 743 2095 captare
761 2044 934 2095 plausus,
954 2042 1042 2081 vehi
1070 2055 1138 2094 per
1164 2042 1328 2087 Urbem,

209 2097 376 2150 conspici
394 2097 516 2143 velle3
547 2097 688 2149 quibus
706 2111 755 2137 ex
773 2099 886 2137 rebus
904 2097 1004 2136 nihil
1022 2104 1092 2146 est,
1117 2095 1222 2147 quod
1240 2094 1332 2134 soli-
