1509 2397
265 125 340 163 160
503 126 618 166 PRO
647 125 908 165 LIGARIO.
939 127 1044 165 CAP.
1078 126 1139 164 114

260 240 465 284 occupatus
477 247 555 273 esse
570 237 588 273 1>
608 247 705 272 num
716 234 763 272 de
776 235 857 284 ejus
867 234 967 273 facto
981 233 1104 272 dicere
1117 235 1136 272 ,⁹
1171 229 1375 284 Quidquid

261 286 356 334 dixi,
377 288 425 325 ad
439 301 558 326 unam
578 302 769 326 summam
787 288 916 331 referri
934 288 1020 326 volo
1034 288 1096 325 vel
1111 285 1378 333 humanitatis‚·

263 341 324 378 vel
342 341 566 387 clementiae,
587 343 647 383 vel
662 342 924 382 misericordiae
938 348 1025 379 tuae.
1054 341 1214 388 Causas,
1231 340 1374 386 Caesar,

263 394 323 444 egi
341 396 496 443 multas,
518 404 554 434 et
582 396 738 448 quidem
758 404 898 443 tecum,
919 395 1014 433 dum
1038 402 1077 432 te
1097 395 1136 432 in
1155 394 1237 432 foro
1255 392 1378 432 tenuit

263 448 360 486 ratio
385 449 574 489 honorum
601 459 778 488 tuorum:
810 458 909 487 certe
932 461 1134 499 nunquam
1159 448 1231 486 hoc
1247 446 1377 494 modo,

265 503 294 523 “
315 502 518 552 Ignoscite,
546 504 716 553 judices:
747 503 907 549 erravit;
936 503 1065 554 lapsus
1090 509 1170 547 est3
1199 513 1277 539 non
1306 513 1379 551 pu-

261 555 379 594 tavit:
411 557 442 594 si
461 570 634 608 unquam
653 557 848 608 posthac'’.
878 584 889 594 .
910 583 920 593 .
942 583 952 594 .
974 584 984 593 .
1013 556 1081 593 Ad
1105 562 1301 607 parentem
1327 553 1379 591 sic

262 609 325 660 agi
344 611 461 648 solet:
494 612 542 649 ad
565 612 725 660 judices,
757 614 785 633 ‘⁶
801 611 894 648 Non
923 610 1036 654 fecit;
1066 622 1144 647 non
1173 607 1376 659 cogitavit;

261 662 349 700 falsi
369 672 477 702 testes
492 678 502 710 ς
528 665 660 702 fictum
677 665 860 703 crimen.”
889 664 978 704 Dic*
996 673 1046 710 te,
1064 663 1204 710 Caesar,
1221 663 1268 699 de
1279 662 1378 700 facto

264 715 411 767 Ligarii
419 719 588 767 judicem
597 732 674 757 esse
685 733 694 755 ε
712 719 852 770 quibus
860 718 899 755 in
911 717 1093 769 praesidiis
1101 716 1228 762 fuerit,
1237 727 1377 766 quaere.

266 770 403 809 Taceo.
435 773 475 809 N
478 785 498 810 e
517 773 598 810 haec
609 773 765 823 quidem
781 772 930 822 colligo,
947 785 1034 822 quae
1044 771 1200 808 fortasse
1212 769 1378 807 valerent

263 824 377 862 etiam
387 826 490 876 apud
499 826 667 875 judicem
681 840 690 863 ι
709 829 736 847 “
747 827 915 876 Legatus
922 832 1009 863 ante
1019 825 1164 862 bellum
1172 823 1377 875 profectus,

264 878 417 916 relictus
434 879 474 916 in
494 893 599 930 pace,
620 880 721 918 bello
740 892 954 931 oppressus,
981 879 1021 916 in
1041 891 1084 916 eo
1102 890 1179 916 non
1207 878 1378 923 acerbus,

265 938 349 969 tum
370 933 484 970 etiam
503 941 605 971 totus
625 934 753 971 animo
773 941 810 971 et
828 933 953 971 studio
965 933 1095 970 tuus.”
1123 931 1193 969 Ad
1207 929 1378 980 judicem

265 985 317 1023 sic
335 986 398 1036 agi
416 988 531 1025 solet:
555 987 619 1025 sed.
634 1001 703 1038 ego
715 987 764 1024 ad
777 994 973 1038 parentem
987 987 1123 1037 loquor
1136 999 1148 1031 3
1171 988 1200 1007 ‘⁹
1215 983 1376 1029 Errav13

263 1046 404 1078 temere
416 1040 512 1086 feci;
532 1041 711 1092 poenitet:
737 1041 787 1078 ad
801 1040 1040 1078 elementiam
1055 1047 1163 1077 tuam
1177 1037 1378 1088 confugio;

265 1093 392 1131 delicti
403 1095 554 1135 veniam
573 1102 685 1145 peto3
716 1103 760 1132 ut
777 1094 961 1145 ignoscas,
982 1094 1088 1132 oro.''
1118 1093 1160 1131 Si
1174 1104 1286 1130 nemo
1304 1091 1380 1128 im-

263 1148 438 1197 petravit,
462 1157 703 1198 arrogantem
733 1148 766 1186 si
783 1148 954 1199 plurimi,
974 1154 1017 1185 tu
1041 1146 1144 1186 idem
1173 1145 1230 1183 fer
1249 1157 1377 1196 opem,

265 1200 333 1251 qui
351 1214 456 1252 spem
478 1202 625 1240 dedisti.
655 1204 724 1239 An
743 1201 919 1252 sperandi
934 1201 1090 1252 Ligario
1103 1212 1216 1237 causa
1227 1211 1303 1237 non
1315 1198 1378 1247 sit,

265 1266 353 1291 cum
374 1255 471 1292 mihi
497 1256 601 1306 apud.
618 1263 655 1293 te
675 1256 723 1293 sit
750 1256 855 1293 locus
874 1255 989 1292 etiam
1018 1267 1087 1305 pro
1111 1253 1229 1292 altero
1247 1253 1381 1304 depre-

264 1308 375 1345 candi
389 1311 406 1346 Ρ
448 1309 700 1361 Quamquam
725 1321 848 1360 neque
874 1309 914 1346 in
942 1309 1014 1346 hac
1038 1307 1206 1346 oratione
1224 1319 1307 1358 spes
1325 1312 1383 1344 est

264 1362 387 1412 posita
411 1375 547 1411 causae,
567 1375 636 1402 nec
653 1363 693 1401 in
713 1376 845 1401 eorum
863 1362 1011 1410 studiis,
1037 1363 1105 1414 qui
1129 1374 1152 1399 a
1169 1368 1207 1399 te
1224 1373 1294 1412 pro
1312 1359 1382 1398 Li-

264 1416 370 1466 gario
389 1425 538 1467 petunt,
560 1418 617 1454 tui
636 1416 843 1455 necessarii.

319 1470 398 1508 XI.
428 1470 521 1508 Vidi
533 1472 636 1508 enim
655 1479 692 1509 et
706 1470 878 1522 cognovi,
892 1470 985 1522 quid
996 1469 1166 1507 maxime
1180 1475 1388 1520 spectares,

265 1536 354 1561 cum
366 1537 435 1575 pro
450 1525 611 1574 alicujus
623 1526 743 1563 salute
755 1525 868 1562 multi
881 1525 1113 1562 laborarent:
1136 1536 1266 1561 causas
1276 1522 1382 1573 apud

265 1585 303 1615 te
332 1578 550 1628 rogantium
578 1579 767 1629 graviores
797 1592 889 1625 esse,
927 1590 1045 1629 quam
1073 1578 1228 1621 vultus;
1257 1589 1382 1627 neque

265 1639 432 1682 spectare
450 1639 501 1679 te⁷
522 1645 639 1683 quam
659 1640 748 1670 tuus
767 1640 861 1670 esset
878 1631 1106 1670 necessarius
1117 1631 1150 1668 is
1165 1630 1232 1681 qui
1246 1637 1284 1668 te
1297 1643 1381 1667 ora-

265 1692 336 1732 ret,
350 1685 414 1722 sed
426 1698 544 1736 quam
557 1686 674 1733 illius,
690 1699 759 1737 pro
775 1699 851 1737 quo
865 1686 1063 1723 laboraret.
1094 1685 1230 1735 Itaque
1245 1683 1381 1722 tribuis

265 1744 308 1775 tu
328 1738 484 1789 quidem
503 1740 580 1777 tuis
604 1740 658 1777 ita
674 1741 813 1788 multa,
840 1747 884 1777 ut
905 1739 1004 1776 mihi
1027 1738 1208 1776 beatiores
1227 1737 1284 1776 illi
1303 1749 1381 1775 esse

265 1792 464 1830 videantur
494 1792 703 1840 interdum,
735 1793 804 1845 qui
831 1793 900 1831 tua
931 1792 1155 1831 liberalitate
1183 1791 1379 1839 fruuntur,

264 1858 384 1896 quam
411 1853 454 1883 tu
473 1846 568 1897 ipse,
588 1847 656 1897 qui
674 1847 750 1884 illis
769 1854 849 1884 tam
867 1847 991 1884 multa
1010 1845 1192 1884 concedis.
1232 1844 1307 1883 Sed
1325 1844 1382 1882 vi-

266 1899 337 1937 deo
351 1907 493 1946 tamen,
510 1900 615 1950 apud
633 1907 670 1938 te
688 1914 818 1939 causas
831 1903 892 1944 (ut
905 1899 1004 1949 dixi)
1026 1899 1244 1950 rogantium
1257 1898 1381 1936 valere

265 1953 367 2004 plus,
384 1966 501 2004 quam
513 1966 660 2004 preces;
682 1956 730 1992 ab
744 1955 868 2005 iisque
882 1961 918 1991 te
931 1954 1076 1992 moveri
1089 1952 1271 2001 maxime,
1285 1964 1381 2002 quo-

266 2019 354 2044 rum
370 2007 625 2056 justissimum
644 2007 812 2046 dolorem
827 2008 954 2045 videas
971 2008 1011 2044 in
1029 2007 1203 2058 petendo.

321 2060 372 2098 In
392 2060 443 2108 Q.
466 2061 621 2111 Ligario
636 2061 904 2108 conservando,
925 2061 1057 2098 multis
1071 2068 1114 2098 tu
1125 2059 1283 2112 quidem
1294 2071 1381 2109 gra-

267 2120 353 2151 tum
365 2114 477 2152 facies
491 2114 704 2153 necessariis
716 2115 792 2152 tuis
807 2130 816 2153 :
839 2115 905 2152 sed
915 2115 1001 2162 hoc,
1015 2126 1156 2165 quaesQ
1173 2112 1379 2158 considera,

268 2167 373 2217 quod
401 2168 508 2206 soles.
551 2169 715 2206 Possum
737 2168 960 2206 fortissimos
978 2168 1091 2214 viros,
1120 2166 1291 2212 Sabinos,
1311 2165 1388 2218 tibi

269 2221 566 2270 probatissimos,
580 2229 781 2274 totumque
792 2235 927 2273 agrum
941 2221 1144 2269 Sabinum,
1155 2220 1286 2258 florem
1302 2219 1382 2259 Ita-
