<?xml version="1.0" encoding="UTF-8"?>
<!DOCTYPE html PUBLIC "-//W3C//DTD XHTML 1.0 Transitional//EN"
    "http://www.w3.org/TR/xhtml1/DTD/xhtml1-transitional.dtd">
<html xmlns="http://www.w3.org/1999/xhtml" xml:lang="en" lang="en">
 <head>
  <title>
</title>
<meta http-equiv="Content-Type" content="text/html;charset=utf-8" />
  <meta name='ocr-system' content='tesseract 3.04.00' />
  <meta name='ocr-capabilities' content='ocr_page ocr_carea ocr_par ocr_line ocrx_word'/>
</head>
<body>
  <div class='ocr_page' id='page_1' title='image "./operaern08ciceuoft_0347.png"; bbox 0 0 1509 2397; ppageno 0'>
   <div class='ocr_carea' id='block_1_1' title="bbox 334 58 1203 107">
    <p class='ocr_par' dir='ltr' id='par_1_1' title="bbox 334 58 1203 107">
     <span class='ocr_line' id='line_1_1' title="bbox 334 58 1203 107; baseline -0.006 -4"><span class='ocrx_word' id='word_1_1' title='bbox 334 66 673 105; x_wconf 83' lang='lat' dir='ltr'>PHILIPPICA</span> <span class='ocrx_word' id='word_1_2' title='bbox 703 66 756 104; x_wconf 84' lang='lat' dir='ltr'><strong>X.</strong></span> <span class='ocrx_word' id='word_1_3' title='bbox 787 65 893 104; x_wconf 60' lang='lat' dir='ltr'><strong>CAP.</strong></span> <span class='ocrx_word' id='word_1_4' title='bbox 914 66 950 107; x_wconf 83' lang='grc'><strong>7.</strong></span> <span class='ocrx_word' id='word_1_5' title='bbox 1111 58 1203 100; x_wconf 65' lang='grc'><strong>’333</strong></span> 
     </span>
    </p>
   </div>
   <div class='ocr_carea' id='block_1_2' title="bbox 78 169 1217 2223">
    <p class='ocr_par' dir='ltr' id='par_1_2' title="bbox 80 169 1216 1360">
     <span class='ocr_line' id='line_1_2' title="bbox 142 169 1215 225; baseline -0.005 -14"><span class='ocrx_word' id='word_1_6' title='bbox 142 173 244 211; x_wconf 87' lang='lat' dir='ltr'><strong>Cum</strong></span> <span class='ocrx_word' id='word_1_7' title='bbox 253 182 400 225; x_wconf 83' lang='lat' dir='ltr'><strong>septem</strong></span> <span class='ocrx_word' id='word_1_8' title='bbox 412 174 629 213; x_wconf 74' lang='lat' dir='ltr'><strong>cohortibus</strong></span> <span class='ocrx_word' id='word_1_9' title='bbox 643 174 715 212; x_wconf 76' lang='lat' dir='ltr'><strong>isse</strong></span> <span class='ocrx_word' id='word_1_10' title='bbox 726 173 975 225; x_wconf 76' lang='lat' dir='ltr'>Apolloniam</span> <span class='ocrx_word' id='word_1_11' title='bbox 990 170 1119 209; x_wconf 80' lang='lat' dir='ltr'>scribit</span> <span class='ocrx_word' id='word_1_12' title='bbox 1127 169 1215 207; x_wconf 85' lang='lat' dir='ltr'><strong>An-</strong></span> 
     </span>
     <span class='ocr_line' id='line_1_3' title="bbox 85 224 1213 279; baseline -0.003 -15"><span class='ocrx_word' id='word_1_13' title='bbox 85 227 250 274; x_wconf 86' lang='lat' dir='ltr'><strong>tonium,</strong></span> <span class='ocrx_word' id='word_1_14' title='bbox 278 228 346 279; x_wconf 92' lang='lat' dir='ltr'><strong>qui</strong></span> <span class='ocrx_word' id='word_1_15' title='bbox 365 229 448 277; x_wconf 87' lang='lat' dir='ltr'><strong>jam</strong></span> <span class='ocrx_word' id='word_1_16' title='bbox 477 239 543 266; x_wconf 81' lang='lat' dir='ltr'><strong>aut</strong></span> <span class='ocrx_word' id='word_1_17' title='bbox 570 235 704 278; x_wconf 86' lang='lat' dir='ltr'><strong>captus</strong></span> <span class='ocrx_word' id='word_1_18' title='bbox 732 236 801 273; x_wconf 90' lang='lat' dir='ltr'><strong>est,</strong></span> <span class='ocrx_word' id='word_1_19' title='bbox 833 226 955 278; x_wconf 88' lang='lat' dir='ltr'><strong>(quod</strong></span> <span class='ocrx_word' id='word_1_20' title='bbox 981 225 1050 263; x_wconf 92' lang='lat' dir='ltr'><strong>Dii</strong></span> <span class='ocrx_word' id='word_1_21' title='bbox 1074 224 1165 262; x_wconf 85' lang='lat' dir='ltr'><strong>dent</strong></span> <span class='ocrx_word' id='word_1_22' title='bbox 1183 224 1213 271; x_wconf 84' lang='lat'><strong>&#39;)</strong></span> 
     </span>
     <span class='ocr_line' id='line_1_4' title="bbox 85 279 1215 329; baseline -0.001 -11"><span class='ocrx_word' id='word_1_23' title='bbox 85 290 154 318; x_wconf 83' lang='lat' dir='ltr'><strong>aut</strong></span> <span class='ocrx_word' id='word_1_24' title='bbox 172 289 284 329; x_wconf 83' lang='lat' dir='ltr'><strong>certe,</strong></span> <span class='ocrx_word' id='word_1_25' title='bbox 305 282 422 320; x_wconf 89' lang='lat' dir='ltr'><strong>homo</strong></span> <span class='ocrx_word' id='word_1_26' title='bbox 441 281 718 328; x_wconf 89' lang='lat' dir='ltr'><strong>verecundus,</strong></span> <span class='ocrx_word' id='word_1_27' title='bbox 707 293 748 319; x_wconf 90' lang='grc'><strong>111</strong></span> <span class='ocrx_word' id='word_1_28' title='bbox 765 279 1036 319; x_wconf 85' lang='lat' dir='ltr'><strong>Macedoniam</strong></span> <span class='ocrx_word' id='word_1_29' title='bbox 1055 290 1133 316; x_wconf 91' lang='lat' dir='ltr'><strong>non</strong></span> <span class='ocrx_word' id='word_1_30' title='bbox 1153 292 1215 317; x_wconf 86' lang='lat' dir='ltr'><strong>ac-</strong></span> 
     </span>
     <span class='ocr_line' id='line_1_5' title="bbox 84 333 1213 381; baseline -0.002 -9"><span class='ocrx_word' id='word_1_31' title='bbox 84 334 199 381; x_wconf 84' lang='lat' dir='ltr'><strong>cedit,</strong></span> <span class='ocrx_word' id='word_1_32' title='bbox 227 347 277 373; x_wconf 94' lang='lat' dir='ltr'><strong>ne</strong></span> <span class='ocrx_word' id='word_1_33' title='bbox 301 342 433 374; x_wconf 84' lang='lat' dir='ltr'><strong>contra</strong></span> <span class='ocrx_word' id='word_1_34' title='bbox 459 336 849 374; x_wconf 65' lang='lat' dir='ltr'><strong>senatus-consultum</strong></span> <span class='ocrx_word' id='word_1_35' title='bbox 878 334 1008 372; x_wconf 83' lang='lat' dir='ltr'><strong>fecisse</strong></span> <span class='ocrx_word' id='word_1_36' title='bbox 1027 333 1213 371; x_wconf 83' lang='lat' dir='ltr'><strong>videatur.</strong></span> 
     </span>
     <span class='ocr_line' id='line_1_6' title="bbox 86 387 1216 435; baseline -0.001 -10"><span class='ocrx_word' id='word_1_37' title='bbox 86 388 267 427; x_wconf 90' lang='lat' dir='ltr'><strong>Delectus</strong></span> <span class='ocrx_word' id='word_1_38' title='bbox 279 389 432 428; x_wconf 87' lang='lat' dir='ltr'><strong>habitus</strong></span> <span class='ocrx_word' id='word_1_39' title='bbox 443 390 484 427; x_wconf 87' lang='lat' dir='ltr'><strong>in</strong></span> <span class='ocrx_word' id='word_1_40' title='bbox 498 389 730 429; x_wconf 68' lang='lat' dir='ltr'><strong>Macedonia</strong></span> <span class='ocrx_word' id='word_1_41' title='bbox 742 396 797 427; x_wconf 90' lang='lat' dir='ltr'><strong>est</strong></span> <span class='ocrx_word' id='word_1_42' title='bbox 813 400 966 427; x_wconf 89' lang='lat' dir='ltr'><strong>summo</strong></span> <span class='ocrx_word' id='word_1_43' title='bbox 980 387 1031 435; x_wconf 87' lang='lat' dir='ltr'><strong>Q.</strong></span> <span class='ocrx_word' id='word_1_44' title='bbox 1044 387 1216 425; x_wconf 87' lang='lat' dir='ltr'><strong>Horten-</strong></span> 
     </span>
     <span class='ocr_line' id='line_1_7' title="bbox 83 440 1216 494; baseline -0.001 -15"><span class='ocrx_word' id='word_1_45' title='bbox 83 442 131 480; x_wconf 84' lang='lat' dir='ltr'><strong>sii</strong></span> <span class='ocrx_word' id='word_1_46' title='bbox 149 442 274 481; x_wconf 85' lang='lat' dir='ltr'><strong>studio</strong></span> <span class='ocrx_word' id='word_1_47' title='bbox 294 452 331 482; x_wconf 91' lang='lat' dir='ltr'><strong>et</strong></span> <span class='ocrx_word' id='word_1_48' title='bbox 348 443 560 482; x_wconf 66' lang='lat' dir='ltr'><strong>industria:</strong></span> <span class='ocrx_word' id='word_1_49' title='bbox 583 444 693 494; x_wconf 89' lang='lat' dir='ltr'><strong>cujus</strong></span> <span class='ocrx_word' id='word_1_50' title='bbox 708 443 883 482; x_wconf 85' lang='lat' dir='ltr'><strong>animum</strong></span> <span class='ocrx_word' id='word_1_51' title='bbox 899 440 1110 493; x_wconf 85' lang='lat' dir='ltr'><strong>egregium,</strong></span> <span class='ocrx_word' id='word_1_52' title='bbox 1131 441 1216 491; x_wconf 56' lang='lat' dir='ltr'><strong>dig-</strong></span> 
     </span>
     <span class='ocr_line' id='line_1_8' title="bbox 82 495 1214 549; baseline 0 -16"><span class='ocrx_word' id='word_1_53' title='bbox 82 508 258 548; x_wconf 90' lang='lat' dir='ltr'><strong>numque</strong></span> <span class='ocrx_word' id='word_1_54' title='bbox 287 505 325 536; x_wconf 92' lang='lat' dir='ltr'><strong>et</strong></span> <span class='ocrx_word' id='word_1_55' title='bbox 350 497 434 549; x_wconf 89' lang='lat' dir='ltr'><strong>ipso</strong></span> <span class='ocrx_word' id='word_1_56' title='bbox 458 504 495 536; x_wconf 89' lang='lat' dir='ltr'><strong>et</strong></span> <span class='ocrx_word' id='word_1_57' title='bbox 520 497 732 548; x_wconf 88' lang='lat' dir='ltr'><strong>majoribus</strong></span> <span class='ocrx_word' id='word_1_58' title='bbox 755 498 852 546; x_wconf 86' lang='lat' dir='ltr'><strong>ejus,</strong></span> <span class='ocrx_word' id='word_1_59' title='bbox 882 509 929 534; x_wconf 84' lang='lat' dir='ltr'><strong>ex</strong></span> <span class='ocrx_word' id='word_1_60' title='bbox 952 495 1068 533; x_wconf 86' lang='lat' dir='ltr'>Bruti</span> <span class='ocrx_word' id='word_1_61' title='bbox 1093 495 1214 534; x_wconf 87' lang='lat' dir='ltr'><strong>literis</strong></span> 
     </span>
     <span class='ocr_line' id='line_1_9' title="bbox 84 549 1213 603; baseline -0.002 -15"><span class='ocrx_word' id='word_1_62' title='bbox 84 551 298 602; x_wconf 84' lang='lat' dir='ltr'><strong>perspicere</strong></span> <span class='ocrx_word' id='word_1_63' title='bbox 315 552 504 603; x_wconf 74' lang='lat' dir='ltr'><strong>potuistis.</strong></span> <span class='ocrx_word' id='word_1_64' title='bbox 543 552 680 602; x_wconf 80' lang='lat' dir='ltr'><strong>Legio,</strong></span> <span class='ocrx_word' id='word_1_65' title='bbox 708 564 825 603; x_wconf 90' lang='lat' dir='ltr'><strong>quam</strong></span> <span class='ocrx_word' id='word_1_66' title='bbox 852 550 900 588; x_wconf 93' lang='lat' dir='ltr'><strong>L.</strong></span> <span class='ocrx_word' id='word_1_67' title='bbox 923 549 1014 588; x_wconf 91' lang='lat' dir='ltr'><strong>Piso</strong></span> <span class='ocrx_word' id='word_1_68' title='bbox 1035 549 1169 587; x_wconf 83' lang='lat' dir='ltr'><strong>duceb</strong></span> <span class='ocrx_word' id='word_1_69' title='bbox 1171 557 1213 595; x_wconf 81' lang='grc'><strong>11,</strong></span> 
     </span>
     <span class='ocr_line' id='line_1_10' title="bbox 84 602 1216 655; baseline -0.002 -13"><span class='ocrx_word' id='word_1_70' title='bbox 84 605 233 655; x_wconf 89' lang='lat' dir='ltr'><strong>legatus</strong></span> <span class='ocrx_word' id='word_1_71' title='bbox 250 606 430 654; x_wconf 88' lang='lat' dir='ltr'><strong>Antonii,</strong></span> <span class='ocrx_word' id='word_1_72' title='bbox 444 606 619 645; x_wconf 89' lang='lat' dir='ltr'><strong>Ciceroni</strong></span> <span class='ocrx_word' id='word_1_73' title='bbox 638 619 677 644; x_wconf 89' lang='lat' dir='ltr'><strong>se</strong></span> <span class='ocrx_word' id='word_1_74' title='bbox 692 605 771 643; x_wconf 86' lang='lat' dir='ltr'><strong>filio</strong></span> <span class='ocrx_word' id='word_1_75' title='bbox 783 618 870 643; x_wconf 91' lang='lat' dir='ltr'><strong>meo</strong></span> <span class='ocrx_word' id='word_1_76' title='bbox 889 603 1058 642; x_wconf 74' lang='lat' dir='ltr'><strong>tradidit.</strong></span> <span class='ocrx_word' id='word_1_77' title='bbox 1088 602 1216 654; x_wconf 90' lang='lat' dir='ltr'><strong>Equi-</strong></span> 
     </span>
     <span class='ocr_line' id='line_1_11' title="bbox 84 657 1212 711; baseline -0.002 -15"><span class='ocrx_word' id='word_1_78' title='bbox 84 666 200 708; x_wconf 86' lang='lat' dir='ltr'><strong>tatus,</strong></span> <span class='ocrx_word' id='word_1_79' title='bbox 222 660 290 710; x_wconf 91' lang='lat' dir='ltr'><strong>qui</strong></span> <span class='ocrx_word' id='word_1_80' title='bbox 308 660 348 697; x_wconf 92' lang='lat' dir='ltr'><strong>in</strong></span> <span class='ocrx_word' id='word_1_81' title='bbox 369 660 522 711; x_wconf 86' lang='lat' dir='ltr'><strong>Syriam</strong></span> <span class='ocrx_word' id='word_1_82' title='bbox 546 660 756 698; x_wconf 83' lang='lat' dir='ltr'><strong>ducebatur</strong></span> <span class='ocrx_word' id='word_1_83' title='bbox 773 658 968 710; x_wconf 85' lang='lat' dir='ltr'><strong>bipertito,</strong></span> <span class='ocrx_word' id='word_1_84' title='bbox 990 657 1087 695; x_wconf 84' lang='lat' dir='ltr'><strong>alter</strong></span> <span class='ocrx_word' id='word_1_85' title='bbox 1107 670 1212 705; x_wconf 90' lang='lat' dir='ltr'><strong>eum,</strong></span> 
     </span>
     <span class='ocr_line' id='line_1_12' title="bbox 82 711 1215 766; baseline -0.001 -16"><span class='ocrx_word' id='word_1_86' title='bbox 82 725 107 750; x_wconf 90' lang='lat' dir='ltr'><strong>a</strong></span> <span class='ocrx_word' id='word_1_87' title='bbox 133 726 212 764; x_wconf 91' lang='lat' dir='ltr'><strong>quo</strong></span> <span class='ocrx_word' id='word_1_88' title='bbox 239 713 462 763; x_wconf 79' lang='lat' dir='ltr'><strong>ducebatur,</strong></span> <span class='ocrx_word' id='word_1_89' title='bbox 482 714 639 766; x_wconf 88' lang='lat' dir='ltr'><strong>reliquit</strong></span> <span class='ocrx_word' id='word_1_90' title='bbox 666 714 706 751; x_wconf 89' lang='lat' dir='ltr'><strong>in</strong></span> <span class='ocrx_word' id='word_1_91' title='bbox 733 713 950 759; x_wconf 78' lang='lat' dir='ltr'><strong>Thessalia,</strong></span> <span class='ocrx_word' id='word_1_92' title='bbox 979 724 1137 762; x_wconf 87' lang='lat' dir='ltr'><strong>seseque</strong></span> <span class='ocrx_word' id='word_1_93' title='bbox 1165 711 1215 749; x_wconf 88' lang='lat' dir='ltr'><strong>ad</strong></span> 
     </span>
     <span class='ocr_line' id='line_1_13' title="bbox 82 765 1215 813; baseline -0.002 -9"><span class='ocrx_word' id='word_1_94' title='bbox 82 767 254 805; x_wconf 81' lang='lat' dir='ltr'><strong>Brutum</strong></span> <span class='ocrx_word' id='word_1_95' title='bbox 271 768 431 806; x_wconf 87' lang='lat' dir='ltr'><strong>contulit</strong></span> <span class='ocrx_word' id='word_1_96' title='bbox 446 783 456 806; x_wconf 77' lang='grc' dir='ltr'><strong><em>ε</em></strong></span> <span class='ocrx_word' id='word_1_97' title='bbox 487 769 648 807; x_wconf 86' lang='grc'>3118111111</span> <span class='ocrx_word' id='word_1_98' title='bbox 663 768 704 805; x_wconf 87' lang='grc'><strong>111</strong></span> <span class='ocrx_word' id='word_1_99' title='bbox 721 766 966 813; x_wconf 65' lang='lat' dir='ltr'><strong>Macedonia,</strong></span> <span class='ocrx_word' id='word_1_100' title='bbox 986 766 1059 804; x_wconf 89' lang='lat' dir='ltr'><strong>Cn.</strong></span> <span class='ocrx_word' id='word_1_101' title='bbox 1074 765 1215 803; x_wconf 89' lang='lat' dir='ltr'><strong>Domi-</strong></span> 
     </span>
     <span class='ocr_line' id='line_1_14' title="bbox 82 819 1215 873; baseline -0.001 -15"><span class='ocrx_word' id='word_1_102' title='bbox 82 820 172 868; x_wconf 88' lang='lat' dir='ltr'><strong>tius,</strong></span> <span class='ocrx_word' id='word_1_103' title='bbox 183 821 398 860; x_wconf 87' lang='lat' dir='ltr'><strong>adolescens</strong></span> <span class='ocrx_word' id='word_1_104' title='bbox 407 822 716 869; x_wconf 63' lang='lat' dir='ltr'><strong>summavirtute,</strong></span> <span class='ocrx_word' id='word_1_105' title='bbox 727 819 1155 873; x_wconf 58' lang='lat' dir='ltr'><strong>gravitatessonstantia,</strong></span> <span class='ocrx_word' id='word_1_106' title='bbox 1165 821 1215 858; x_wconf 92' lang='lat' dir='ltr'><strong>ab</strong></span> 
     </span>
     <span class='ocr_line' id='line_1_15' title="bbox 80 873 1216 927; baseline -0.001 -15"><span class='ocrx_word' id='word_1_107' title='bbox 80 875 208 925; x_wconf 83' lang='lat' dir='ltr'><strong>legato</strong></span> <span class='ocrx_word' id='word_1_108' title='bbox 227 876 382 927; x_wconf 88' lang='lat' dir='ltr'><strong>Syriaco</strong></span> <span class='ocrx_word' id='word_1_109' title='bbox 400 876 573 914; x_wconf 81' lang='lat' dir='ltr'><strong>abduxit.</strong></span> <span class='ocrx_word' id='word_1_110' title='bbox 596 876 642 914; x_wconf 90' lang='lat' dir='ltr'><strong>P.</strong></span> <span class='ocrx_word' id='word_1_111' title='bbox 659 884 789 914; x_wconf 83' lang='lat' dir='ltr'><strong>autem</strong></span> <span class='ocrx_word' id='word_1_112' title='bbox 798 875 993 921; x_wconf 85' lang='lat' dir='ltr'><strong>Vatinius,</strong></span> <span class='ocrx_word' id='word_1_113' title='bbox 1012 873 1080 925; x_wconf 91' lang='lat' dir='ltr'><strong>qui</strong></span> <span class='ocrx_word' id='word_1_114' title='bbox 1096 881 1133 912; x_wconf 93' lang='lat' dir='ltr'><strong>et</strong></span> <span class='ocrx_word' id='word_1_115' title='bbox 1147 886 1216 911; x_wconf 87' lang='lat' dir='ltr'><strong>an-</strong></span> 
     </span>
     <span class='ocr_line' id='line_1_16' title="bbox 83 928 1216 980; baseline -0.002 -13"><span class='ocrx_word' id='word_1_116' title='bbox 83 935 145 967; x_wconf 88' lang='lat' dir='ltr'><strong>tea</strong></span> <span class='ocrx_word' id='word_1_117' title='bbox 160 930 247 978; x_wconf 90' lang='lat' dir='ltr'><strong>jure</strong></span> <span class='ocrx_word' id='word_1_118' title='bbox 265 930 444 968; x_wconf 88' lang='lat' dir='ltr'><strong>laudatus</strong></span> <span class='ocrx_word' id='word_1_119' title='bbox 463 944 487 968; x_wconf 92' lang='lat' dir='ltr'><strong>a</strong></span> <span class='ocrx_word' id='word_1_120' title='bbox 504 930 629 975; x_wconf 86' lang='lat' dir='ltr'><strong>nobis,</strong></span> <span class='ocrx_word' id='word_1_121' title='bbox 643 937 680 968; x_wconf 88' lang='lat' dir='ltr'><strong>et</strong></span> <span class='ocrx_word' id='word_1_122' title='bbox 698 930 770 968; x_wconf 91' lang='grc'>1100</span> <span class='ocrx_word' id='word_1_123' title='bbox 789 939 962 980; x_wconf 87' lang='lat' dir='ltr'><strong>tempore</strong></span> <span class='ocrx_word' id='word_1_124' title='bbox 981 928 1118 966; x_wconf 87' lang='lat' dir='ltr'><strong>merito</strong></span> <span class='ocrx_word' id='word_1_125' title='bbox 1130 928 1216 965; x_wconf 90' lang='lat' dir='ltr'><strong>lau-</strong></span> 
     </span>
     <span class='ocr_line' id='line_1_17' title="bbox 82 982 1215 1035; baseline -0.001 -15"><span class='ocrx_word' id='word_1_126' title='bbox 82 982 234 1022; x_wconf 81' lang='lat' dir='ltr'><strong>dandus</strong></span> <span class='ocrx_word' id='word_1_127' title='bbox 253 991 323 1030; x_wconf 61' lang='lat' dir='ltr'><strong>ost,</strong></span> <span class='ocrx_word' id='word_1_128' title='bbox 345 984 495 1035; x_wconf 89' lang='lat' dir='ltr'><strong>aperuit</strong></span> <span class='ocrx_word' id='word_1_129' title='bbox 513 984 747 1035; x_wconf 78' lang='lat' dir='ltr'><strong>Dyrrhachii</strong></span> <span class='ocrx_word' id='word_1_130' title='bbox 759 991 886 1034; x_wconf 85' lang='lat' dir='ltr'><strong>portas</strong></span> <span class='ocrx_word' id='word_1_131' title='bbox 898 984 1037 1029; x_wconf 89' lang='lat' dir='ltr'><strong>Bruto,</strong></span> <span class='ocrx_word' id='word_1_132' title='bbox 1051 989 1089 1020; x_wconf 90' lang='lat' dir='ltr'><strong>et</strong></span> <span class='ocrx_word' id='word_1_133' title='bbox 1107 994 1215 1020; x_wconf 83' lang='lat' dir='ltr'><strong>exer-</strong></span> 
     </span>
     <span class='ocr_line' id='line_1_18' title="bbox 83 1036 1216 1090; baseline -0.001 -16"><span class='ocrx_word' id='word_1_134' title='bbox 83 1037 204 1075; x_wconf 90' lang='lat' dir='ltr'><strong>citum</strong></span> <span class='ocrx_word' id='word_1_135' title='bbox 219 1037 386 1076; x_wconf 82' lang='lat' dir='ltr'><strong>tradidit.</strong></span> <span class='ocrx_word' id='word_1_136' title='bbox 418 1039 546 1077; x_wconf 85' lang='lat' dir='ltr'><strong>Tenet</strong></span> <span class='ocrx_word' id='word_1_137' title='bbox 567 1039 685 1090; x_wconf 88' lang='lat' dir='ltr'><strong>igitur</strong></span> <span class='ocrx_word' id='word_1_138' title='bbox 711 1038 879 1090; x_wconf 88' lang='lat' dir='ltr'><strong>populus</strong></span> <span class='ocrx_word' id='word_1_139' title='bbox 899 1037 1101 1074; x_wconf 90' lang='lat' dir='ltr'><strong>Romanus</strong></span> <span class='ocrx_word' id='word_1_140' title='bbox 1123 1036 1216 1074; x_wconf 88' lang='lat' dir='ltr'><strong>Ma-</strong></span> 
     </span>
     <span class='ocr_line' id='line_1_19' title="bbox 81 1091 1214 1144; baseline 0 -16"><span class='ocrx_word' id='word_1_141' title='bbox 81 1091 295 1139; x_wconf 87' lang='lat' dir='ltr'><strong>cedoniam,</strong></span> <span class='ocrx_word' id='word_1_142' title='bbox 316 1100 420 1131; x_wconf 83' lang='lat' dir='ltr'><strong>tenet</strong></span> <span class='ocrx_word' id='word_1_143' title='bbox 439 1092 658 1144; x_wconf 77' lang='lat' dir='ltr'><strong>Elyricum,</strong></span> <span class='ocrx_word' id='word_1_144' title='bbox 675 1099 804 1131; x_wconf 90' lang='lat' dir='ltr'><strong>tuetur</strong></span> <span class='ocrx_word' id='word_1_145' title='bbox 825 1091 1041 1130; x_wconf 84' lang='lat' dir='ltr'><strong>Graeciam:</strong></span> <span class='ocrx_word' id='word_1_146' title='bbox 1073 1098 1214 1128; x_wconf 87' lang='lat' dir='ltr'><strong>nostrae</strong></span> 
     </span>
     <span class='ocr_line' id='line_1_20' title="bbox 83 1144 1211 1197; baseline 0 -15"><span class='ocrx_word' id='word_1_147' title='bbox 83 1153 174 1183; x_wconf 90' lang='lat' dir='ltr'><strong>sunt</strong></span> <span class='ocrx_word' id='word_1_148' title='bbox 184 1146 366 1197; x_wconf 83' lang='lat' dir='ltr'><strong>legioneS,</strong></span> <span class='ocrx_word' id='word_1_149' title='bbox 382 1154 513 1185; x_wconf 89' lang='lat' dir='ltr'><strong>nostra</strong></span> <span class='ocrx_word' id='word_1_150' title='bbox 530 1147 624 1184; x_wconf 88' lang='lat' dir='ltr'><strong>levis</strong></span> <span class='ocrx_word' id='word_1_151' title='bbox 637 1153 845 1193; x_wconf 85' lang='lat' dir='ltr'><strong>armatura,</strong></span> <span class='ocrx_word' id='word_1_152' title='bbox 862 1153 989 1183; x_wconf 87' lang='lat' dir='ltr'><strong>noster</strong></span> <span class='ocrx_word' id='word_1_153' title='bbox 1005 1144 1211 1195; x_wconf 83' lang='lat' dir='ltr'><strong>equitatus,</strong></span> 
     </span>
     <span class='ocr_line' id='line_1_21' title="bbox 81 1200 1215 1252; baseline 0 -16"><span class='ocrx_word' id='word_1_154' title='bbox 81 1200 328 1252; x_wconf 84' lang='lat' dir='ltr'><strong>maximeque</strong></span> <span class='ocrx_word' id='word_1_155' title='bbox 339 1209 464 1239; x_wconf 88' lang='lat' dir='ltr'><strong>noster</strong></span> <span class='ocrx_word' id='word_1_156' title='bbox 477 1209 532 1239; x_wconf 88' lang='lat' dir='ltr'><strong>est</strong></span> <span class='ocrx_word' id='word_1_157' title='bbox 547 1202 710 1248; x_wconf 87' lang='lat' dir='ltr'><strong>Brutus,</strong></span> <span class='ocrx_word' id='word_1_158' title='bbox 726 1212 951 1251; x_wconf 87' lang='lat' dir='ltr'><strong>semperque</strong></span> <span class='ocrx_word' id='word_1_159' title='bbox 962 1206 1104 1246; x_wconf 86' lang='lat' dir='ltr'><strong>noster,</strong></span> <span class='ocrx_word' id='word_1_160' title='bbox 1125 1211 1215 1236; x_wconf 90' lang='lat' dir='ltr'><strong>cum</strong></span> 
     </span>
     <span class='ocr_line' id='line_1_22' title="bbox 83 1252 1215 1306; baseline -0.002 -15"><span class='ocrx_word' id='word_1_161' title='bbox 83 1252 153 1291; x_wconf 71' lang='lat' dir='ltr'><strong>sua</strong></span> <span class='ocrx_word' id='word_1_162' title='bbox 186 1253 503 1293; x_wconf 69' lang='lat' dir='ltr'><strong>excellentissima</strong></span> <span class='ocrx_word' id='word_1_163' title='bbox 532 1255 673 1293; x_wconf 87' lang='lat' dir='ltr'><strong>virtute</strong></span> <span class='ocrx_word' id='word_1_164' title='bbox 708 1254 928 1306; x_wconf 86' lang='lat' dir='ltr'><strong>reipublicae</strong></span> <span class='ocrx_word' id='word_1_165' title='bbox 961 1261 1089 1299; x_wconf 86' lang='lat' dir='ltr'><strong>natus,</strong></span> <span class='ocrx_word' id='word_1_166' title='bbox 1129 1259 1215 1290; x_wconf 86' lang='lat' dir='ltr'><strong>tum</strong></span> 
     </span>
     <span class='ocr_line' id='line_1_23' title="bbox 83 1306 1202 1370; baseline -0.002 -25"><span class='ocrx_word' id='word_1_167' title='bbox 83 1307 164 1345; x_wconf 87' lang='lat' dir='ltr'><strong>fato</strong></span> <span class='ocrx_word' id='word_1_168' title='bbox 183 1308 353 1360; x_wconf 89' lang='lat' dir='ltr'><strong>quodam</strong></span> <span class='ocrx_word' id='word_1_169' title='bbox 373 1309 522 1370; x_wconf 80' lang='lat' dir='ltr'><strong>paterni</strong></span> <span class='ocrx_word' id='word_1_170' title='bbox 540 1308 823 1359; x_wconf 57' lang='lat' dir='ltr'><strong>maternique„</strong></span> <span class='ocrx_word' id='word_1_171' title='bbox 800 1307 947 1345; x_wconf 74' lang='lat' dir='ltr'><strong>ceneris</strong></span> <span class='ocrx_word' id='word_1_172' title='bbox 968 1318 1004 1345; x_wconf 90' lang='lat' dir='ltr'><strong>et</strong></span> <span class='ocrx_word' id='word_1_173' title='bbox 1023 1306 1202 1344; x_wconf 90' lang='lat' dir='ltr'><strong>nominis.</strong></span> 
     </span>
    </p>

    <p class='ocr_par' dir='ltr' id='par_1_3' title="bbox 78 1341 1217 1956">
     <span class='ocr_line' id='line_1_24' title="bbox 137 1341 1212 1414; baseline -0.004 -13"><span class='ocrx_word' id='word_1_174' title='bbox 137 1362 238 1401; x_wconf 86' lang='lat' dir='ltr'><strong>VII.</strong></span> <span class='ocrx_word' id='word_1_175' title='bbox 267 1363 335 1401; x_wconf 94' lang='lat' dir='ltr'><strong>Ab</strong></span> <span class='ocrx_word' id='word_1_176' title='bbox 354 1363 427 1401; x_wconf 90' lang='lat' dir='ltr'><strong>hoc</strong></span> <span class='ocrx_word' id='word_1_177' title='bbox 445 1363 564 1414; x_wconf 89' lang='lat' dir='ltr'><strong>igitur</strong></span> <span class='ocrx_word' id='word_1_178' title='bbox 591 1363 798 1414; x_wconf 87' lang='lat' dir='ltr'><strong>quisquam</strong></span> <span class='ocrx_word' id='word_1_179' title='bbox 799 1341 965 1400; x_wconf 60' lang='lat' dir='ltr'><strong>ebenum</strong></span> <span class='ocrx_word' id='word_1_180' title='bbox 984 1360 1108 1408; x_wconf 88' lang='lat' dir='ltr'><strong>timet,</strong></span> <span class='ocrx_word' id='word_1_181' title='bbox 1129 1361 1212 1412; x_wconf 86' lang='lat' dir='ltr'><strong>qui,</strong></span> 
     </span>
     <span class='ocr_line' id='line_1_25' title="bbox 83 1415 1214 1468; baseline -0.002 -14"><span class='ocrx_word' id='word_1_182' title='bbox 83 1424 293 1468; x_wconf 87' lang='lat' dir='ltr'><strong>antequam</strong></span> <span class='ocrx_word' id='word_1_183' title='bbox 311 1428 381 1455; x_wconf 88' lang='lat' dir='ltr'><strong>nos</strong></span> <span class='ocrx_word' id='word_1_184' title='bbox 405 1416 446 1454; x_wconf 91' lang='lat' dir='ltr'><strong>id</strong></span> <span class='ocrx_word' id='word_1_185' title='bbox 472 1417 591 1455; x_wconf 88' lang='lat' dir='ltr'><strong>coacti</strong></span> <span class='ocrx_word' id='word_1_186' title='bbox 616 1416 866 1468; x_wconf 82' lang='lat' dir='ltr'><strong>suscepimus,</strong></span> <span class='ocrx_word' id='word_1_187' title='bbox 894 1415 934 1453; x_wconf 90' lang='lat' dir='ltr'><strong>in</strong></span> <span class='ocrx_word' id='word_1_188' title='bbox 960 1427 1053 1466; x_wconf 87' lang='lat' dir='ltr'><strong>pace</strong></span> <span class='ocrx_word' id='word_1_189' title='bbox 1075 1415 1214 1464; x_wconf 87' lang='lat' dir='ltr'><strong>jacere,</strong></span> 
     </span>
     <span class='ocr_line' id='line_1_26' title="bbox 78 1468 1213 1522; baseline -0.002 -14"><span class='ocrx_word' id='word_1_190' title='bbox 78 1483 202 1522; x_wconf 90' lang='lat' dir='ltr'><strong>quam</strong></span> <span class='ocrx_word' id='word_1_191' title='bbox 217 1471 257 1508; x_wconf 87' lang='lat' dir='ltr'><strong>in</strong></span> <span class='ocrx_word' id='word_1_192' title='bbox 269 1471 370 1509; x_wconf 90' lang='lat' dir='ltr'><strong>bello</strong></span> <span class='ocrx_word' id='word_1_193' title='bbox 383 1471 524 1522; x_wconf 88' lang='lat' dir='ltr'><strong>vigere,</strong></span> <span class='ocrx_word' id='word_1_194' title='bbox 537 1471 707 1509; x_wconf 82' lang='lat' dir='ltr'><strong>maluit?</strong></span> <span class='ocrx_word' id='word_1_195' title='bbox 728 1482 968 1522; x_wconf 87' lang='lat' dir='ltr'><strong>quamquam</strong></span> <span class='ocrx_word' id='word_1_196' title='bbox 976 1469 1042 1507; x_wconf 87' lang='grc'>1118</span> <span class='ocrx_word' id='word_1_197' title='bbox 1055 1468 1213 1520; x_wconf 88' lang='lat' dir='ltr'><strong>quidem</strong></span> 
     </span>
     <span class='ocr_line' id='line_1_27' title="bbox 83 1523 1215 1576; baseline -0.002 -14"><span class='ocrx_word' id='word_1_198' title='bbox 83 1537 285 1576; x_wconf 88' lang='lat' dir='ltr'><strong>nunquam</strong></span> <span class='ocrx_word' id='word_1_199' title='bbox 302 1525 449 1575; x_wconf 75' lang='lat' dir='ltr'><strong>jacuit3</strong></span> <span class='ocrx_word' id='word_1_200' title='bbox 479 1537 550 1564; x_wconf 89' lang='lat' dir='ltr'><strong>nec</strong></span> <span class='ocrx_word' id='word_1_201' title='bbox 568 1525 640 1563; x_wconf 88' lang='lat' dir='ltr'><strong>hoc</strong></span> <span class='ocrx_word' id='word_1_202' title='bbox 660 1524 792 1563; x_wconf 88' lang='lat' dir='ltr'><strong>cadere</strong></span> <span class='ocrx_word' id='word_1_203' title='bbox 817 1525 979 1563; x_wconf 87' lang='lat' dir='ltr'><strong>verbum</strong></span> <span class='ocrx_word' id='word_1_204' title='bbox 1004 1523 1046 1561; x_wconf 88' lang='lat' dir='ltr'><strong>in</strong></span> <span class='ocrx_word' id='word_1_205' title='bbox 1065 1530 1215 1561; x_wconf 80' lang='lat' dir='ltr'><strong>tantam</strong></span> 
     </span>
     <span class='ocr_line' id='line_1_28' title="bbox 83 1576 1217 1631; baseline -0.004 -13"><span class='ocrx_word' id='word_1_206' title='bbox 83 1579 234 1618; x_wconf 80' lang='lat' dir='ltr'><strong>virtutis</strong></span> <span class='ocrx_word' id='word_1_207' title='bbox 259 1579 520 1631; x_wconf 86' lang='lat' dir='ltr'><strong>praestantiam</strong></span> <span class='ocrx_word' id='word_1_208' title='bbox 549 1586 684 1631; x_wconf 90' lang='lat' dir='ltr'><strong>potest.</strong></span> <span class='ocrx_word' id='word_1_209' title='bbox 713 1578 812 1617; x_wconf 86' lang='lat' dir='ltr'><strong>Erat</strong></span> <span class='ocrx_word' id='word_1_210' title='bbox 836 1578 939 1617; x_wconf 91' lang='lat' dir='ltr'><strong>enim</strong></span> <span class='ocrx_word' id='word_1_211' title='bbox 964 1577 1004 1615; x_wconf 88' lang='lat' dir='ltr'><strong>in</strong></span> <span class='ocrx_word' id='word_1_212' title='bbox 1029 1576 1217 1615; x_wconf 84' lang='lat' dir='ltr'><strong>desiderio</strong></span> 
     </span>
     <span class='ocr_line' id='line_1_29' title="bbox 84 1632 1216 1681; baseline -0.003 -10"><span class='ocrx_word' id='word_1_213' title='bbox 84 1633 261 1681; x_wconf 83' lang='lat' dir='ltr'><strong>civitatis,</strong></span> <span class='ocrx_word' id='word_1_214' title='bbox 277 1634 318 1671; x_wconf 88' lang='lat' dir='ltr'><strong>in</strong></span> <span class='ocrx_word' id='word_1_215' title='bbox 337 1646 417 1681; x_wconf 91' lang='lat' dir='ltr'><strong>ore,</strong></span> <span class='ocrx_word' id='word_1_216' title='bbox 433 1633 475 1671; x_wconf 91' lang='lat' dir='ltr'><strong>in</strong></span> <span class='ocrx_word' id='word_1_217' title='bbox 487 1646 659 1672; x_wconf 88' lang='lat' dir='ltr'><strong>sermone</strong></span> <span class='ocrx_word' id='word_1_218' title='bbox 671 1633 859 1671; x_wconf 88' lang='lat' dir='ltr'><strong>omnium.</strong></span> <span class='ocrx_word' id='word_1_219' title='bbox 889 1632 1066 1670; x_wconf 90' lang='lat' dir='ltr'><strong>Tantum</strong></span> <span class='ocrx_word' id='word_1_220' title='bbox 1086 1638 1216 1669; x_wconf 85' lang='lat' dir='ltr'><strong>autem</strong></span> 
     </span>
     <span class='ocr_line' id='line_1_30' title="bbox 85 1685 1217 1748; baseline -0.003 -23"><span class='ocrx_word' id='word_1_221' title='bbox 85 1689 215 1726; x_wconf 88' lang='lat' dir='ltr'><strong>aberat</strong></span> <span class='ocrx_word' id='word_1_222' title='bbox 234 1701 257 1726; x_wconf 89' lang='lat' dir='ltr'><strong>a</strong></span> <span class='ocrx_word' id='word_1_223' title='bbox 274 1688 392 1735; x_wconf 79' lang='lat' dir='ltr'><strong>beno,</strong></span> <span class='ocrx_word' id='word_1_224' title='bbox 413 1695 472 1735; x_wconf 89' lang='lat' dir='ltr'><strong>ut,</strong></span> <span class='ocrx_word' id='word_1_225' title='bbox 486 1701 576 1726; x_wconf 93' lang='lat' dir='ltr'><strong>cum</strong></span> <span class='ocrx_word' id='word_1_226' title='bbox 595 1687 803 1748; x_wconf 79' lang='lat' dir='ltr'><strong>cupiditate</strong></span> <span class='ocrx_word' id='word_1_227' title='bbox 821 1686 1005 1725; x_wconf 87' lang='lat' dir='ltr'><strong>libertatis</strong></span> <span class='ocrx_word' id='word_1_228' title='bbox 1026 1685 1141 1723; x_wconf 87' lang='lat' dir='ltr'><strong>Italia</strong></span> <span class='ocrx_word' id='word_1_229' title='bbox 1154 1698 1217 1723; x_wconf 86' lang='lat' dir='ltr'><strong>ar-</strong></span> 
     </span>
     <span class='ocr_line' id='line_1_31' title="bbox 86 1738 1216 1800; baseline -0.004 -20"><span class='ocrx_word' id='word_1_230' title='bbox 86 1742 204 1789; x_wconf 90' lang='lat' dir='ltr'><strong>deret,</strong></span> <span class='ocrx_word' id='word_1_231' title='bbox 226 1741 390 1780; x_wconf 87' lang='lat' dir='ltr'><strong>defuerit</strong></span> <span class='ocrx_word' id='word_1_232' title='bbox 408 1742 551 1780; x_wconf 88' lang='lat' dir='ltr'><strong>civium</strong></span> <span class='ocrx_word' id='word_1_233' title='bbox 571 1741 706 1780; x_wconf 88' lang='lat' dir='ltr'><strong>studiis</strong></span> <span class='ocrx_word' id='word_1_234' title='bbox 719 1741 860 1793; x_wconf 77' lang='lat' dir='ltr'><strong>potius,</strong></span> <span class='ocrx_word' id='word_1_235' title='bbox 875 1753 993 1800; x_wconf 80' lang='lat' dir='ltr'><strong>quam</strong></span> <span class='ocrx_word' id='word_1_236' title='bbox 1014 1752 1076 1778; x_wconf 90' lang='lat' dir='ltr'><strong>eos</strong></span> <span class='ocrx_word' id='word_1_237' title='bbox 1095 1738 1136 1776; x_wconf 89' lang='lat' dir='ltr'><strong>in</strong></span> <span class='ocrx_word' id='word_1_238' title='bbox 1155 1752 1216 1776; x_wconf 75' lang='lat' dir='ltr'><strong>ar-</strong></span> 
     </span>
     <span class='ocr_line' id='line_1_32' title="bbox 84 1793 1216 1846; baseline -0.004 -12"><span class='ocrx_word' id='word_1_239' title='bbox 84 1809 239 1834; x_wconf 87' lang='lat' dir='ltr'><strong>morum</strong></span> <span class='ocrx_word' id='word_1_240' title='bbox 268 1796 471 1834; x_wconf 84' lang='lat' dir='ltr'><strong>discrimen</strong></span> <span class='ocrx_word' id='word_1_241' title='bbox 494 1796 709 1835; x_wconf 75' lang='lat' dir='ltr'><strong>adducere..</strong></span> <span class='ocrx_word' id='word_1_242' title='bbox 741 1796 880 1846; x_wconf 91' lang='lat' dir='ltr'><strong>Itaque</strong></span> <span class='ocrx_word' id='word_1_243' title='bbox 902 1794 992 1832; x_wconf 86' lang='grc'>1111“</span> <span class='ocrx_word' id='word_1_244' title='bbox 982 1794 1070 1845; x_wconf 80' lang='lat' dir='ltr'><strong>ipsi,</strong></span> <span class='ocrx_word' id='word_1_245' title='bbox 1095 1793 1126 1831; x_wconf 91' lang='lat' dir='ltr'><strong>si</strong></span> <span class='ocrx_word' id='word_1_246' title='bbox 1148 1793 1216 1844; x_wconf 91' lang='lat' dir='ltr'><strong>qui</strong></span> 
     </span>
     <span class='ocr_line' id='line_1_33' title="bbox 85 1846 1215 1901; baseline -0.004 -13"><span class='ocrx_word' id='word_1_247' title='bbox 85 1858 190 1897; x_wconf 90' lang='lat' dir='ltr'><strong>sunt,</strong></span> <span class='ocrx_word' id='word_1_248' title='bbox 199 1850 266 1901; x_wconf 90' lang='lat' dir='ltr'><strong>qui</strong></span> <span class='ocrx_word' id='word_1_249' title='bbox 281 1850 500 1888; x_wconf 79' lang='lat' dir='ltr'><strong>tarditatem</strong></span> <span class='ocrx_word' id='word_1_250' title='bbox 518 1850 635 1889; x_wconf 86' lang='lat' dir='ltr'><strong>Bruti</strong></span> <span class='ocrx_word' id='word_1_251' title='bbox 648 1849 940 1901; x_wconf 87' lang='lat' dir='ltr'><strong>reprehendant,</strong></span> <span class='ocrx_word' id='word_1_252' title='bbox 956 1856 1085 1886; x_wconf 87' lang='lat' dir='ltr'><strong>tamen</strong></span> <span class='ocrx_word' id='word_1_253' title='bbox 1097 1846 1215 1885; x_wconf 84' lang='grc'>11(18111</span> 
     </span>
     <span class='ocr_line' id='line_1_34' title="bbox 85 1904 929 1956; baseline -0.002 -14"><span class='ocrx_word' id='word_1_254' title='bbox 85 1904 385 1943; x_wconf 88' lang='lat' dir='ltr'><strong>moderationem</strong></span> <span class='ocrx_word' id='word_1_255' title='bbox 405 1904 708 1956; x_wconf 86' lang='lat' dir='ltr'><strong>patientiamque</strong></span> <span class='ocrx_word' id='word_1_256' title='bbox 727 1904 929 1940; x_wconf 88' lang='lat' dir='ltr'><strong>mirantur.</strong></span> 
     </span>
    </p>

    <p class='ocr_par' dir='ltr' id='par_1_4' title="bbox 87 1955 1216 2223">
     <span class='ocr_line' id='line_1_35' title="bbox 141 1955 1216 2010; baseline -0.003 -13"><span class='ocrx_word' id='word_1_257' title='bbox 141 1957 247 1997; x_wconf 88' lang='lat' dir='ltr'><strong>Sed</strong></span> <span class='ocrx_word' id='word_1_258' title='bbox 232 1970 316 2008; x_wconf 84' lang='lat' dir='ltr'><strong>Jam</strong></span> <span class='ocrx_word' id='word_1_259' title='bbox 331 1957 454 2005; x_wconf 83' lang='lat' dir='ltr'><strong>video,</strong></span> <span class='ocrx_word' id='word_1_260' title='bbox 471 1959 566 2010; x_wconf 88' lang='lat' dir='ltr'><strong>quid</strong></span> <span class='ocrx_word' id='word_1_261' title='bbox 579 1959 812 2010; x_wconf 86' lang='lat' dir='ltr'><strong>loquantur·</strong></span> <span class='ocrx_word' id='word_1_262' title='bbox 843 1970 968 2008; x_wconf 91' lang='lat' dir='ltr'><strong>neque</strong></span> <span class='ocrx_word' id='word_1_263' title='bbox 983 1955 1084 1994; x_wconf 84' lang='lat' dir='ltr'><strong>enirn</strong></span> <span class='ocrx_word' id='word_1_264' title='bbox 1100 1955 1140 1993; x_wconf 89' lang='lat' dir='ltr'><strong>id</strong></span> <span class='ocrx_word' id='word_1_265' title='bbox 1153 1967 1216 1994; x_wconf 86' lang='grc'><strong>00-</strong></span> 
     </span>
     <span class='ocr_line' id='line_1_36' title="bbox 87 2009 1215 2063; baseline -0.005 -11"><span class='ocrx_word' id='word_1_266' title='bbox 87 2013 188 2052; x_wconf 84' lang='lat' dir='ltr'><strong>culte</strong></span> <span class='ocrx_word' id='word_1_267' title='bbox 206 2011 363 2051; x_wconf 80' lang='lat' dir='ltr'><strong>faciunt.</strong></span> <span class='ocrx_word' id='word_1_268' title='bbox 393 2012 553 2051; x_wconf 90' lang='lat' dir='ltr'><strong>Timere</strong></span> <span class='ocrx_word' id='word_1_269' title='bbox 571 2025 612 2051; x_wconf 90' lang='lat' dir='ltr'><strong>se</strong></span> <span class='ocrx_word' id='word_1_270' title='bbox 630 2012 777 2058; x_wconf 84' lang='lat' dir='ltr'><strong>dicunt,</strong></span> <span class='ocrx_word' id='word_1_271' title='bbox 798 2010 992 2063; x_wconf 87' lang='lat' dir='ltr'><strong>quomodo</strong></span> <span class='ocrx_word' id='word_1_272' title='bbox 1011 2009 1137 2048; x_wconf 88' lang='lat' dir='ltr'><strong>ferant</strong></span> <span class='ocrx_word' id='word_1_273' title='bbox 1150 2022 1215 2047; x_wconf 84' lang='lat' dir='ltr'><strong>ve-</strong></span> 
     </span>
     <span class='ocr_line' id='line_1_37' title="bbox 88 2062 1215 2114; baseline -0.004 -10"><span class='ocrx_word' id='word_1_274' title='bbox 88 2066 223 2114; x_wconf 83' lang='lat' dir='ltr'><strong>terani,</strong></span> <span class='ocrx_word' id='word_1_275' title='bbox 243 2065 454 2105; x_wconf 79' lang='lat' dir='ltr'><strong>exereitum</strong></span> <span class='ocrx_word' id='word_1_276' title='bbox 474 2068 645 2105; x_wconf 91' lang='lat' dir='ltr'><strong>Brutum</strong></span> <span class='ocrx_word' id='word_1_277' title='bbox 664 2066 815 2104; x_wconf 90' lang='lat' dir='ltr'><strong>habere.</strong></span> <span class='ocrx_word' id='word_1_278' title='bbox 850 2064 974 2112; x_wconf 87' lang='lat' dir='ltr'><strong>Quasi</strong></span> <span class='ocrx_word' id='word_1_279' title='bbox 993 2077 1081 2102; x_wconf 89' lang='lat' dir='ltr'><strong>vero</strong></span> <span class='ocrx_word' id='word_1_280' title='bbox 1101 2062 1215 2114; x_wconf 90' lang='lat' dir='ltr'><strong>quid-</strong></span> 
     </span>
     <span class='ocr_line' id='line_1_38' title="bbox 87 2116 1213 2171; baseline -0.003 -14"><span class='ocrx_word' id='word_1_281' title='bbox 87 2133 206 2171; x_wconf 90' lang='lat' dir='ltr'><strong>quam</strong></span> <span class='ocrx_word' id='word_1_282' title='bbox 231 2119 379 2159; x_wconf 88' lang='lat' dir='ltr'><strong>intersit</strong></span> <span class='ocrx_word' id='word_1_283' title='bbox 401 2121 500 2159; x_wconf 85' lang='lat' dir='ltr'><strong>inter</strong></span> <span class='ocrx_word' id='word_1_284' title='bbox 518 2122 572 2159; x_wconf 75' lang='lat' dir='ltr'><strong>A,</strong></span> <span class='ocrx_word' id='word_1_285' title='bbox 594 2120 729 2165; x_wconf 84' lang='lat' dir='ltr'><strong>Hirtii,</strong></span> <span class='ocrx_word' id='word_1_286' title='bbox 761 2118 806 2158; x_wconf 92' lang='lat' dir='ltr'><strong>C.</strong></span> <span class='ocrx_word' id='word_1_287' title='bbox 828 2119 978 2165; x_wconf 87' lang='lat' dir='ltr'><strong>Pansae,</strong></span> <span class='ocrx_word' id='word_1_288' title='bbox 1007 2117 1060 2156; x_wconf 91' lang='lat' dir='ltr'><strong>D.</strong></span> <span class='ocrx_word' id='word_1_289' title='bbox 1081 2116 1213 2162; x_wconf 82' lang='lat' dir='ltr'><strong>Bruti,</strong></span> 
     </span>
     <span class='ocr_line' id='line_1_39' title="bbox 89 2171 1213 2223; baseline -0.004 -10"><span class='ocrx_word' id='word_1_290' title='bbox 89 2174 135 2213; x_wconf 80' lang='lat' dir='ltr'><strong>C.</strong></span> <span class='ocrx_word' id='word_1_291' title='bbox 157 2173 332 2223; x_wconf 83' lang='lat' dir='ltr'><strong>Caesaris,</strong></span> <span class='ocrx_word' id='word_1_292' title='bbox 360 2182 396 2213; x_wconf 80' lang='lat' dir='ltr'><strong>et</strong></span> <span class='ocrx_word' id='word_1_293' title='bbox 415 2174 518 2213; x_wconf 90' lang='lat' dir='ltr'><strong>hunc</strong></span> <span class='ocrx_word' id='word_1_294' title='bbox 544 2174 752 2213; x_wconf 86' lang='lat' dir='ltr'><strong>exercitum</strong></span> <span class='ocrx_word' id='word_1_295' title='bbox 784 2172 845 2212; x_wconf 88' lang='grc' dir='ltr'><strong>Μ.</strong></span> <span class='ocrx_word' id='word_1_296' title='bbox 866 2172 993 2212; x_wconf 86' lang='lat' dir='ltr'><strong>Bruti.</strong></span> <span class='ocrx_word' id='word_1_297' title='bbox 1030 2172 1152 2218; x_wconf 85' lang='lat' dir='ltr'><strong>Nam,</strong></span> <span class='ocrx_word' id='word_1_298' title='bbox 1182 2171 1213 2209; x_wconf 86' lang='lat' dir='ltr'><strong>si</strong></span> 
     </span>
    </p>
   </div>
  </div>
 </body>
</html>
