1509 2397
367 55 708 95 PHILIPPICA
738 55 1243 95 1.CA1›.10.191

126 163 229 215 pius,
248 175 382 225 quam,
402 163 471 215 qui
487 165 728 213 majestatem
747 164 882 216 populi
902 162 1075 202 Romani
1087 176 1154 225 per
1166 162 1246 202 vim

125 217 324 267 minuerit,
355 231 459 266 611111,
485 218 715 256 damnatum
742 218 903 280 judicio,
931 218 981 256 ad
1007 231 1092 257 eam
1122 218 1246 270 ipsam

125 271 205 310 vim
219 271 371 320 reverti,
390 280 545 324 propter
563 285 682 324 quam
702 273 750 311 sit
765 274 852 322 jure
870 273 1101 311 damnatus.
1092 274 1109 299 9

179 326 256 365 Sed
289 326 384 378 quid
412 327 525 378 plura
554 327 602 365 de
630 327 715 378 1686
741 327 925 378 disputo?
956 327 1067 378 quasi
1092 339 1180 364 vero
1207 325 1248 363 id

123 388 274 442 agatur,
295 388 340 418 ut
368 381 575 433 quisquam
593 388 781 433 provocet⁴
812 381 862 419 Id
882 380 1020 432 agitur,
1041 380 1083 418 id
1111 380 1245 428 fertur,

122 445 173 473 ne
191 434 277 486 quis
295 436 453 474 omnino
471 448 646 487 unquam
664 435 745 474 istis
763 436 912 486 legibus
931 448 1019 473 reus
1037 434 1115 472 fiat.
1147 434 1248 481 Quis

122 488 227 527 enim
257 496 325 527 aut
353 503 462 529 accus
465 498 547 528 ator
568 497 650 528 tam
675 502 808 528 amens
829 489 1052 540 reperietur,
1080 488 1162 539 qui,
1183 500 1247 526 reo

121 543 389 591 condemnato,
403 544 517 594 objici
529 557 567 582 se
578 544 821 582 multitudini
833 543 1029 582 conductae
1041 543 1150 581 velit.
1142 544 1158 569 9
1179 549 1248 579 3111

118 596 256 647 judex,
278 598 346 650 qui
364 611 474 637 reum
499 599 681 637 damnare
704 598 855 647 audeat,
875 605 920 635 ut
938 598 1020 649 ipse
1046 597 1095 634 ad
1113 609 1246 648 operas

121 653 373 691 mercenarias
401 653 530 691 statim
557 652 831 704 protrahatur?
861 653 954 690 Non
973 651 1091 702 igitur
1109 663 1246 702 provo-

121 706 219 744 catio
250 706 324 746 1513
353 708 437 758 1686
470 707 611 753 datum
642 706 707 745 sed
737 706 824 744 duae
856 706 1028 744 maxime
1059 705 1244 743 salutares

121 759 224 812 leges
244 762 548 813 quaestionesque
559 761 760 799 tolluntur.
791 760 901 808 Quid
917 768 971 798 est
983 759 1090 797 aliud
1108 759 1248 797 adhor-

121 815 195 852 tari
213 815 480 861 adolescentes,
508 826 553 853 ut
578 815 805 863 turbulenti,
829 822 874 853 ut
893 814 1074 861 seditiosi,
1099 821 1143 851 ut
1161 827 1247 864 per-

119 869 253 907 niciosi
268 869 370 908 cives
388 870 507 908 velint
527 882 605 908 esse
616 869 634 906 ?
663 882 782 921 quam
807 876 938 907 autem
957 868 1006 906 ad
1024 868 1246 920 reipublicae

117 931 264 974 pectem
301 924 407 962 furor
444 923 670 962 tribunicius
702 923 852 975 impelli
887 935 965 960 non
1002 923 1155 975 poterit,
1185 921 1246 960 his

115 977 268 1016 duabus
286 978 573 1030 quaestionibus,
590 978 638 1016 de
657 978 694 1016 vi
709 986 746 1016 et
758 978 805 1016 de
824 978 1036 1027 majestate,
1054 977 1212 1015 sublatis
1227 979 1245 1015 ,9

173 1032 296 1081 Quid,
329 1033 433 1084 quod
458 1034 664 1084 obrogatur
688 1032 839 1084 legibus
863 1032 1037 1079 Caesaris,
1066 1045 1154 1083 quae
1180 1032 1245 1080 ju-

118 1087 224 1135 bent,
246 1087 281 1125 ei
299 1087 368 1139 qui
392 1087 440 1125 de
458 1087 510 1136 vi,
537 1088 708 1139 itemque
735 1087 769 1125 ei
792 1086 860 1138 qui
886 1086 1112 1136 majestatis,
1132 1085 1243 1123 dam-

116 1148 229 1180 natus
248 1141 310 1190 sit,
338 1142 440 1194 aqua
466 1150 502 1180 et
531 1142 613 1193 igni
635 1141 840 1180 interdici?
871 1140 1012 1193 quibus
1038 1154 1127 1179 cum
1153 1151 1242 1192 pro-

115 1196 262 1234 vocatio
298 1195 425 1245 datur,
463 1209 591 1235 nonne
627 1204 711 1234 3613
744 1196 904 1235 Caesaris
937 1195 1204 1233 rescinduntur
1222 1195 1240 1232 ,9

115 1248 220 1297 Quae
249 1250 407 1302 quidem
437 1264 520 1312 680,
551 1258 678 1302 patres
703 1249 920 1301 conscripti,
945 1248 1014 1300 qui
1046 1249 1113 1287 illa
1138 1260 1240 1286 nun-

116 1316 235 1355 quam
259 1305 433 1356 probavi,
461 1305 515 1342 ita
534 1305 790 1344 conservanda
815 1303 1024 1342 concordiae
1049 1316 1163 1341 631153
1182 1316 1244 1341 ar-

115 1358 279 1397 bitratus
299 1372 400 1407 sum,
427 1366 472 1397 ut
490 1372 569 1397 non
589 1359 721 1407 modo,
743 1372 838 1411 quas
861 1358 970 1396 vivus
991 1357 1118 1395 Caesar
1136 1357 1239 1408 leges

114 1413 276 1461 tulisset,
296 1413 546 1452 infirmandas
565 1413 637 1452 hoc
655 1421 825 1465 tempore
843 1425 920 1451 non
940 1420 1146 1464 putarem3
1175 1410 1242 1449 sed

111 1478 162 1505 ne
180 1467 266 1506 11135
285 1468 456 1519 quidem,
485 1482 582 1520 quas
599 1475 687 1520 post
707 1475 872 1507 mortem
891 1466 1051 1505 Caesaris
1073 1466 1241 1518 prolatas

112 1534 191 1560 esse
210 1529 248 1560 et
265 1523 363 1561 fixas
381 1523 528 1561 videtis.

164 1575 219 1614 X.
249 1575 314 1615 De
333 1577 466 1615 exsilio
484 1577 630 1616 reducti
649 1591 671 1615 a
688 1584 869 1615 mortuo:
900 1575 1030 1615 civitas
1049 1575 1139 1614 data
1157 1586 1235 1613 non

112 1630 239 1669 solum
257 1631 433 1683 5111811115,
463 1632 529 1670 sed
553 1632 786 1679 nationibus,
808 1638 845 1670 61
831 1630 1066 1683 provinciis
1084 1629 1239 1667 univer-

111 1684 175 1732 sis,
195 1698 220 1724 a
244 1693 425 1724 mortuo:
454 1686 769 1725 immunitatibus
798 1685 959 1724 infinitis
984 1684 1135 1723 sublata
1153 1696 1238 1722 vec-

108 1739 243 1790 tigalia
270 1753 296 1778 a
322 1748 487 1780 mortuo.
516 1740 624 1792 Ergo
656 1741 752 1788 haec,
783 1753 862 1779 uno
894 1743 934 1784 (ι
937 1753 1046 1778 erum
1071 1737 1236 1790 optimo)

109 1801 265 1832 auctore
281 1795 397 1833 domo
421 1795 586 1847 prolata,
615 1795 882 1842 defendimus3
920 1808 982 1833 eas
1005 1795 1121 1845 leges,
1143 1804 1238 1844 quas

108 1847 205 1899 ipse,
237 1849 349 1888 nobis
378 1850 696 1902 inspectantibus,
733 1849 918 1912 recitavit,
955 1847 1234 1900 pronuntiavit,

108 1902 229 1948 tulitg
259 1903 401 1955 quibus
429 1905 517 1943 latis
541 1905 792 1956 gloriabatur,
819 1904 942 1956 iisque
966 1903 1117 1954 legibus
1135 1913 1236 1939 rem-

108 1956 306 2008 publicam
331 1958 515 1998 contineri
539 1961 716 2010 putabat,
747 1959 795 1997 de
821 1958 1040 2010 provinciis,
1065 1956 1112 1994 de
1131 1955 1236 2005 judi-

105 2022 202 2058 cus3
232 2024 308 2061 635,
328 2012 505 2065 inquam,
537 2012 832 2065 035311516865,
860 2025 943 2060 nos,
964 2011 1032 2064 qui
1062 2009 1234 2049 defendi-

109 2075 200 2104 mus
217 2073 303 2105 acta
319 2067 495 2117 0353115,
515 2068 735 2107 evertendas
758 2067 1009 2120 putabimus.
999 2068 1016 2094 9

162 2119 227 2159 Α6
243 2120 320 2160 116”
308 2121 357 2161 115
384 2129 516 2161 tamen
538 2122 703 2174 legibus,
735 2136 823 2175 quae
850 2120 1106 2174 promulgatae
1130 2125 1234 2165 sunt,

110 2174 246 2215 saltem
260 2175 370 2226 queri
388 2189 617 2228 possumus:
647 2177 724 2216 116
713 2177 774 2227 115,
788 2189 875 2228 quae
891 2177 974 2226 jam
992 2175 1081 2214 latae
1098 2173 1233 2212 dicun-
