1555 2433
339 141 391 178 22
600 139 715 180 PRO
743 139 1181 180 BALBO.CA1·.22.

335 246 481 296 hujus'
469 246 620 298 imperii
637 247 810 287 defensor
830 247 929 286 mori
951 253 1093 299 potest)
1119 246 1221 286 vivat
1245 245 1446 286 auctoritas

335 299 573 340 immortalis.

389 353 533 392 XXII.
563 353 694 401 Quid.
685 357 702 380 9
726 354 798 393 Cn.
812 354 1033 405 Pompeius,
1046 360 1166 405 pater
1181 355 1295 392 rebus
1310 352 1446 392 Italico

333 407 434 446 bello
461 408 640 446 maximis
690 409 789 456 estis,
820 409 866 446 P.
899 408 1081 456 Caesium,
1108 408 1277 459 equitem
1298 408 1446 446 Roma-

332 472 444 509 num,
464 462 590 499 virum
686 475 769 510 um,
783 462 849 513 qui
863 462 956 500 vivit
973 462 1082 500 Ravo
1063 473 1184 509 e,nnae
1204 461 1383 499 foederaw
1396 473 1445 499 ex

331 515 490 575 populo,
509 527 635 554 nonne
649 516 797 554 civitate
810 515 985 554 donavit.
977 518 993 542 9
1021 515 1138 566 quid.
1129 517 1146 542 9
1170 515 1339 553 oohortae
1349 514 1445 552 duas

331 569 525 607 universas
545 569 808 608 Camertium?
838 570 954 621 quid.
945 571 962 596 9
993 568 1300 607 Heracliensium
1324 567 1444 618 legio-

331 633 420 660 nem
451 622 498 660 P.
526 622 697 672 Crassus,
735 624 793 662 vir
821 623 1093 674 amplissimus,
1124 635 1173 660 ex
1207 635 1250 660 ea
1279 621 1443 671 civitate,

331 688 499 726 quacum
528 690 645 728 prope
668 652 857 738 5111831318
875 676 1010 724 foedus,
1031 675 1172 728 Pyrrhi
1192 675 1442 727 temporibus,

332 730 377 767 C.
398 729 572 768 Fabricio
591 731 902 778 80115318,1813111
923 738 1105 782 putatur.
1095 732 1112 757 9
1142 729 1264 780 quid.
1253 731 1271 757 9
1300 728 1463 767 Μ3551-’

329 782 489 821 1181158111
506 784 731 822 Aristonem
755 784 889 823 Sulla.
880 787 897 813 9
928 784 1044 836 quid.
1035 786 1053 811 9
1081 783 1264 834 quoniam
1293 782 1341 820 de
1364 782 1444 820 Ga—

330 836 469 875 ditanis
484 838 647 898 agimus,
663 838 766 876 idem
780 839 888 876 heros
903 850 1039 876 novem
1056 837 1287 875 Gaditanos.
1278 838 1296 864 9
1320 834 1443 887 quid?

330 889 387 927 vir
406 891 677 941 sanctissimus,
700 899 736 930 et
755 892 909 930 summa
927 889 1371 941 religioneacmodestia,
1387 888 1441 937 Q-

330 942 515 982 Metellus
547 945 654 994 Pius,
694 946 744 993 Q.
779 945 946 984 Fabium
979 944 1264 995 Saguntinum.
1254 945 1272 971 9
1313 942 1440 994 quid?

328 996 405 1044 1118,
425 998 493 1048 qui
511 998 628 1045 adest,
654 1001 694 1042 (3
712 1012 788 1050 quo
807 999 901 1047 haec,
929 1012 1016 1050 quae
1035 1010 1103 1049 ego
1126 1010 1228 1035 nunc
1250 1007 1442 1048 percurro,

329 1051 574 1090 subtilissime
592 1061 682 1090 sunt
700 1052 828 1091 omnia
851 1052 1052 1104 perpolita)
1079 1051 1140 1088 M.
1169 1051 1342 1098 Crassus,
1365 1061 1444 1087 non

327 1104 611 1143 Aleti-inensem
631 1106 855 1144 foederatum
874 1105 1023 1144 civitate
1037 1105 1204 1151 donavit,
1224 1104 1340 1142 homo
1357 1110 1444 1141 tum

328 1158 512 1208 gravitate
541 1166 578 1197 et
607 1159 808 1210 prudentia
837 1167 1032 1210 praestanS,
1067 1166 1153 1196 tum
1183 1158 1244 1196 vel
1274 1156 1442 1195 nimium

329 1224 465 1262 parcus
483 1212 524 1250 in
542 1212 738 1263 largienda
757 1213 936 1251 civitate?

384 1265 465 1303 Hic
483 1273 526 1303 tu
547 1266 618 1305 Cn.
640 1267 815 1327 Pompeii
843 1265 1085 1313 beneficium,
1106 1264 1166 1303 vel
1192 1263 1319 1315 potius
1338 1263 1444 1313 judi-

328 1318 432 1356 cium
444 1326 480 1357 81
491 1319 650 1367 factum,
671 1321 707 1357 11
700 1321 863 1358 firmare
881 1320 1048 1358 conaris.
1039 1320 1056 1347 9
1077 1319 1145 1370 qui
1158 1318 1260 1365 feeit,
1280 1316 1383 1368 quod
1396 1316 1443 1354 C.

330 1371 505 1410 Marium
529 1373 658 1412 fecisse
680 1374 876 1419 audierat;
904 1373 1007 1420 fecit,
1038 1372 1141 1423 quod
1171 1372 1218 1409 P.
1244 1371 1443 1418 Crassum,

329 1425 433 1476 quod
451 1426 499 1463 L.
521 1427 685 1475 Sullam,
717 1427 820 1478 quod
839 1403 891 1474 Q.
912 1401 1135 1473 Metellum,
1156 1424 1261 1476 quod
1279 1423 1444 1474 denique

328 1479 579 1518 domesticum
597 1488 803 1527 auctorem,
824 1488 972 1531 patrem
992 1493 1120 1527 suum,
1140 1479 1260 1517 facere
1282 1477 1442 1515 viderat.

328 1532 469 1584 Neque
488 1546 576 1571 vero
594 1534 634 1571 in
653 1546 730 1572 uno
750 1534 926 1572 Cornelio
953 1533 994 1570 id
1012 1533 1124 1571 fecit.
1154 1545 1246 1570 nam
1265 1538 1302 1569 et
1323 1530 1444 1568 Gadi-

327 1594 462 1624 tanum
481 1587 767 1625 Hasdrubalem
790 1600 837 1625 ex
855 1587 956 1625 bello
980 1586 1047 1624 1110
1069 1585 1268 1633 Africano,
1295 1590 1333 1622 et
1350 1583 1443 1621 Ma-

325 1639 507 1678 mertinos
525 1639 687 1689 [obvios,
693 1642 709 1692 ]
732 1648 768 1679 et
788 1640 975 1692 quosdam
987 1639 1197 1687 Uticenses,
1212 1645 1249 1676 et
1261 1636 1443 1687 Sagunti.

324 1705 394 1731 nos
423 1692 563 1740 fabros,
599 1694 747 1732 civitate
778 1693 942 1733 donavit.
972 1692 1144 1740 Etenim,
1177 1704 1266 1729 eum
1299 1689 1442 1729 caeteris

324 1746 492 1797 praemiis
511 1747 617 1797 digni
641 1755 744 1794 sunt,
772 1748 840 1798 qui
870 1759 938 1785 suo
955 1746 1084 1784 labore
1109 1753 1147 1783 et
1170 1744 1338 1796 periculo
1353 1756 1442 1782 nos-

325 1807 425 1838 tram
454 1801 730 1861 rempublicam
756 1800 1030 1845 defenderunt3
1060 1806 1145 1837 tum
1171 1806 1268 1836 certe
1297 1797 1441 1847 dignis-

324 1853 413 1892 simi
430 1861 532 1900 sunt,
553 1854 621 1904 qui
639 1854 789 1892 civitate
808 1867 853 1892 ea
871 1853 1072 1901 (1011811131,
1088 1865 1157 1904 pro
1176 1865 1254 1903 qua
1271 1851 1441 1903 pericula

325 1920 370 1946 ac
394 1907 470 1946 tela
495 1907 702 1945 subierunt.
731 1908 865 1959 Atque
891 1907 1055 1954 utinam,
1083 1905 1150 1957 qui
1176 1905 1320 1956 ubique
1349 1911 1441 1941 sunt

324 1968 623 2021 propugnatores
641 1961 784 2010 hujus
774 1961 937 2012 nnperii,
958 1966 1110 2012 possent
1132 1959 1174 1997 in
1192 1959 1291 1997 hanc
1308 1957 1439 1996 civita-

325 2021 406 2052 tem
430 2014 570 2062 venire,
596 2022 645 2062 et,
676 2022 819 2075 contra,
847 2021 1126 2066 oppugnatores
1148 2011 1367 2063 reipublicae
1391 2009 1439 2048 de

326 2068 476 2108 civitate
494 2067 763 2106 exterminari!
791 2069 930 2120 Neque
945 2068 1047 2106 enim
1059 2067 1126 2106 ille
1138 2077 1313 2105 summus
1324 2063 1438 2116 po'eta

326 2131 467 2170 noster,
488 2121 719 2160 Hannibalis
737 2122 844 2160 illam
857 2121 980 2172 magis
994 2119 1304 2165 cohortationem,
1316 2129 1436 2176 quam

327 2187 571 2215 communen
589 2175 875 2227 imperatorum,
891 2174 1012 2215 voluit
1023 2187 1128 2214 esse:
1150 2175 1179 2197 “
1192 2172 1357 2212 Hostem
1368 2169 1437 2222 qui
