<?xml version="1.0" encoding="UTF-8"?>
<!DOCTYPE html PUBLIC "-//W3C//DTD XHTML 1.0 Transitional//EN"
    "http://www.w3.org/TR/xhtml1/DTD/xhtml1-transitional.dtd">
<html xmlns="http://www.w3.org/1999/xhtml" xml:lang="en" lang="en">
 <head>
  <title>
</title>
<meta http-equiv="Content-Type" content="text/html;charset=utf-8" />
  <meta name='ocr-system' content='tesseract 3.04.00' />
  <meta name='ocr-capabilities' content='ocr_page ocr_carea ocr_par ocr_line ocrx_word'/>
</head>
<body>
  <div class='ocr_page' id='page_1' title='image "./operaern08ciceuoft_0175.png"; bbox 0 0 1509 2397; ppageno 0'>
   <div class='ocr_carea' id='block_1_1' title="bbox 348 76 1231 118">
    <p class='ocr_par' dir='ltr' id='par_1_1' title="bbox 348 76 1231 118">
     <span class='ocr_line' id='line_1_1' title="bbox 348 76 1231 118; baseline -0.002 0"><span class='ocrx_word' id='word_1_1' title='bbox 348 78 464 118; x_wconf 87' lang='lat' dir='ltr'><strong>PRO</strong></span> <span class='ocrx_word' id='word_1_2' title='bbox 493 76 756 116; x_wconf 87' lang='lat' dir='ltr'><strong>LIGARIO.</strong></span> <span class='ocrx_word' id='word_1_3' title='bbox 789 76 894 115; x_wconf 70' lang='lat' dir='ltr'><strong>CAP.</strong></span> <span class='ocrx_word' id='word_1_4' title='bbox 928 77 991 115; x_wconf 86' lang='lat'><strong>12.</strong></span> <span class='ocrx_word' id='word_1_5' title='bbox 1160 76 1231 118; x_wconf 77' lang='grc'><strong>161</strong></span> 
     </span>
    </p>
   </div>
   <div class='ocr_carea' id='block_1_2' title="bbox 105 184 1239 2178">
    <p class='ocr_par' dir='ltr' id='par_1_2' title="bbox 115 184 1239 399">
     <span class='ocr_line' id='line_1_2' title="bbox 116 184 1239 245; baseline -0.004 -20"><span class='ocrx_word' id='word_1_6' title='bbox 116 186 178 225; x_wconf 84' lang='lat' dir='ltr'><strong>liae</strong></span> <span class='ocrx_word' id='word_1_7' title='bbox 195 200 240 226; x_wconf 87' lang='lat' dir='ltr'><strong>ac</strong></span> <span class='ocrx_word' id='word_1_8' title='bbox 258 188 376 225; x_wconf 90' lang='lat' dir='ltr'><strong>robur</strong></span> <span class='ocrx_word' id='word_1_9' title='bbox 386 185 619 237; x_wconf 87' lang='lat' dir='ltr'><strong>reipublicae,</strong></span> <span class='ocrx_word' id='word_1_10' title='bbox 632 197 852 236; x_wconf 82' lang='lat' dir='ltr'><strong>proponere.</strong></span> <span class='ocrx_word' id='word_1_11' title='bbox 883 184 1002 222; x_wconf 75' lang='lat' dir='ltr'><strong>Nosti</strong></span> <span class='ocrx_word' id='word_1_12' title='bbox 1013 184 1156 245; x_wconf 72' lang='lat' dir='ltr'><strong>optime</strong></span> <span class='ocrx_word' id='word_1_13' title='bbox 1170 184 1239 222; x_wconf 94' lang='lat' dir='ltr'><strong>ho-</strong></span> 
     </span>
     <span class='ocr_line' id='line_1_3' title="bbox 116 237 1238 281; baseline -0.003 -3"><span class='ocrx_word' id='word_1_14' title='bbox 116 240 249 278; x_wconf 86' lang='lat' dir='ltr'><strong>mines.</strong></span> <span class='ocrx_word' id='word_1_15' title='bbox 278 240 556 278; x_wconf 85' lang='lat' dir='ltr'><strong>Animadverte</strong></span> <span class='ocrx_word' id='word_1_16' title='bbox 584 240 724 278; x_wconf 91' lang='lat' dir='ltr'><strong>horum</strong></span> <span class='ocrx_word' id='word_1_17' title='bbox 754 238 929 281; x_wconf 86' lang='lat' dir='ltr'><strong>omnium</strong></span> <span class='ocrx_word' id='word_1_18' title='bbox 951 237 1171 275; x_wconf 79' lang='lat' dir='ltr'><strong>moestitiam</strong></span> <span class='ocrx_word' id='word_1_19' title='bbox 1201 245 1238 276; x_wconf 90' lang='lat' dir='ltr'><strong>et</strong></span> 
     </span>
     <span class='ocr_line' id='line_1_4' title="bbox 115 291 1239 344; baseline -0.004 -12"><span class='ocrx_word' id='word_1_20' title='bbox 115 293 312 332; x_wconf 82' lang='lat' dir='ltr'><strong>dolorem:</strong></span> <span class='ocrx_word' id='word_1_21' title='bbox 342 294 459 344; x_wconf 90' lang='lat' dir='ltr'><strong>hujus</strong></span> <span class='ocrx_word' id='word_1_22' title='bbox 471 294 521 331; x_wconf 84' lang='lat' dir='ltr'><strong>T.</strong></span> <span class='ocrx_word' id='word_1_23' title='bbox 542 293 705 335; x_wconf 77' lang='lat' dir='ltr'>Brocchi</span> <span class='ocrx_word' id='word_1_24' title='bbox 722 292 785 336; x_wconf 91' lang='lat' dir='ltr'><strong>(de</strong></span> <span class='ocrx_word' id='word_1_25' title='bbox 804 305 882 343; x_wconf 93' lang='lat' dir='ltr'><strong>quo</strong></span> <span class='ocrx_word' id='word_1_26' title='bbox 900 303 977 329; x_wconf 89' lang='lat' dir='ltr'><strong>non</strong></span> <span class='ocrx_word' id='word_1_27' title='bbox 997 291 1130 329; x_wconf 86' lang='lat' dir='ltr'><strong>dubito</strong></span> <span class='ocrx_word' id='word_1_28' title='bbox 1145 291 1239 342; x_wconf 91' lang='lat' dir='ltr'><strong>quid</strong></span> 
     </span>
     <span class='ocr_line' id='line_1_5' title="bbox 116 345 1238 399; baseline -0.004 -13"><span class='ocrx_word' id='word_1_29' title='bbox 116 347 324 395; x_wconf 74' lang='lat' dir='ltr'>existimes)</span> <span class='ocrx_word' id='word_1_30' title='bbox 343 348 545 399; x_wconf 81' lang='lat' dir='ltr'>lacrymas,</span> <span class='ocrx_word' id='word_1_31' title='bbox 566 345 899 399; x_wconf 85' lang='lat' dir='ltr'><strong>squaloremque,&#39;</strong></span> <span class='ocrx_word' id='word_1_32' title='bbox 889 345 1008 397; x_wconf 78' lang='lat' dir='ltr'><strong>ipsius</strong></span> <span class='ocrx_word' id='word_1_33' title='bbox 1027 353 1064 383; x_wconf 87' lang='lat' dir='ltr'><strong>et</strong></span> <span class='ocrx_word' id='word_1_34' title='bbox 1085 345 1155 382; x_wconf 78' lang='lat' dir='ltr'><strong>fiffi</strong></span> <span class='ocrx_word' id='word_1_35' title='bbox 1182 345 1238 383; x_wconf 88' lang='lat' dir='ltr'><strong>vi-</strong></span> 
     </span>
    </p>

    <p class='ocr_par' dir='ltr' id='par_1_3' title="bbox 114 401 191 439">
     <span class='ocr_line' id='line_1_6' title="bbox 114 401 191 439; baseline 0 0"><span class='ocrx_word' id='word_1_36' title='bbox 114 401 191 439; x_wconf 89' lang='lat' dir='ltr'><strong>des.</strong></span> 
     </span>
    </p>

    <p class='ocr_par' dir='ltr' id='par_1_4' title="bbox 110 452 1239 1423">
     <span class='ocr_line' id='line_1_7' title="bbox 169 452 1236 504; baseline -0.003 -10"><span class='ocrx_word' id='word_1_37' title='bbox 169 455 318 503; x_wconf 89' lang='lat' dir='ltr'><strong>Quid</strong></span> <span class='ocrx_word' id='word_1_38' title='bbox 295 469 343 494; x_wconf 85' lang='grc'><strong>00</strong></span> <span class='ocrx_word' id='word_1_39' title='bbox 360 455 541 494; x_wconf 86' lang='lat' dir='ltr'><strong>fratribus</strong></span> <span class='ocrx_word' id='word_1_40' title='bbox 561 454 685 493; x_wconf 83' lang='lat' dir='ltr'><strong>dicam</strong></span> <span class='ocrx_word' id='word_1_41' title='bbox 697 454 715 491; x_wconf 72' lang='grc' dir='ltr'><strong>ἱ)</strong></span> <span class='ocrx_word' id='word_1_42' title='bbox 745 453 855 499; x_wconf 87' lang='lat' dir='ltr'><strong>Noli,</strong></span> <span class='ocrx_word' id='word_1_43' title='bbox 870 452 1011 500; x_wconf 86' lang='lat' dir='ltr'><strong>Caesar,</strong></span> <span class='ocrx_word' id='word_1_44' title='bbox 1028 459 1175 504; x_wconf 83' lang='lat' dir='ltr'><strong>putare,</strong></span> <span class='ocrx_word' id='word_1_45' title='bbox 1189 452 1236 491; x_wconf 90' lang='lat' dir='ltr'><strong>de</strong></span> 
     </span>
     <span class='ocr_line' id='line_1_8' title="bbox 115 506 1237 560; baseline -0.003 -14"><span class='ocrx_word' id='word_1_46' title='bbox 115 510 229 547; x_wconf 87' lang='lat' dir='ltr'><strong>unius</strong></span> <span class='ocrx_word' id='word_1_47' title='bbox 243 509 366 560; x_wconf 82' lang='lat' dir='ltr'><strong>capite</strong></span> <span class='ocrx_word' id='word_1_48' title='bbox 379 522 449 548; x_wconf 88' lang='lat' dir='ltr'><strong>nos</strong></span> <span class='ocrx_word' id='word_1_49' title='bbox 468 522 589 560; x_wconf 84' lang='lat' dir='ltr'><strong>agere.</strong></span> <span class='ocrx_word' id='word_1_50' title='bbox 619 510 705 546; x_wconf 89' lang='lat' dir='ltr'><strong>Aut</strong></span> <span class='ocrx_word' id='word_1_51' title='bbox 719 515 793 545; x_wconf 91' lang='lat' dir='ltr'><strong>tres</strong></span> <span class='ocrx_word' id='word_1_52' title='bbox 806 507 876 545; x_wconf 82' lang='lat' dir='ltr'><strong>tibi</strong></span> <span class='ocrx_word' id='word_1_53' title='bbox 888 507 1036 557; x_wconf 84' lang='lat' dir='ltr'><strong>Ligarii</strong></span> <span class='ocrx_word' id='word_1_54' title='bbox 1050 506 1237 543; x_wconf 81' lang='lat' dir='ltr'><strong>retinendi</strong></span> 
     </span>
     <span class='ocr_line' id='line_1_9' title="bbox 115 560 1236 610; baseline -0.003 -10"><span class='ocrx_word' id='word_1_55' title='bbox 115 563 155 600; x_wconf 90' lang='lat' dir='ltr'><strong>in</strong></span> <span class='ocrx_word' id='word_1_56' title='bbox 186 563 335 602; x_wconf 85' lang='lat' dir='ltr'><strong>civitate</strong></span> <span class='ocrx_word' id='word_1_57' title='bbox 368 571 471 610; x_wconf 76' lang='lat' dir='ltr'><strong>sunt,</strong></span> <span class='ocrx_word' id='word_1_58' title='bbox 504 570 570 600; x_wconf 84' lang='lat' dir='ltr'><strong>aut</strong></span> <span class='ocrx_word' id='word_1_59' title='bbox 593 570 667 600; x_wconf 85' lang='lat' dir='ltr'><strong>tres</strong></span> <span class='ocrx_word' id='word_1_60' title='bbox 691 575 739 600; x_wconf 81' lang='lat' dir='ltr'><strong>ex</strong></span> <span class='ocrx_word' id='word_1_61' title='bbox 763 561 913 599; x_wconf 86' lang='lat' dir='ltr'><strong>civitate</strong></span> <span class='ocrx_word' id='word_1_62' title='bbox 944 560 1236 598; x_wconf 80' lang='lat' dir='ltr'><strong>exterminandi.</strong></span> 
     </span>
     <span class='ocr_line' id='line_1_10' title="bbox 115 614 1236 667; baseline -0.003 -13"><span class='ocrx_word' id='word_1_63' title='bbox 115 616 290 664; x_wconf 79' lang='lat' dir='ltr'>Quodvis</span> <span class='ocrx_word' id='word_1_64' title='bbox 303 617 483 656; x_wconf 75' lang='lat' dir='ltr'>exsilium</span> <span class='ocrx_word' id='word_1_65' title='bbox 494 617 553 654; x_wconf 88' lang='lat' dir='ltr'><strong>his</strong></span> <span class='ocrx_word' id='word_1_66' title='bbox 566 626 621 654; x_wconf 88' lang='lat' dir='ltr'><strong>est</strong></span> <span class='ocrx_word' id='word_1_67' title='bbox 636 616 816 667; x_wconf 82' lang='lat' dir='ltr'><strong>optatius,</strong></span> <span class='ocrx_word' id='word_1_68' title='bbox 834 628 952 666; x_wconf 86' lang='lat' dir='ltr'><strong>quam</strong></span> <span class='ocrx_word' id='word_1_69' title='bbox 966 614 1102 665; x_wconf 90' lang='lat' dir='ltr'><strong>patria,</strong></span> <span class='ocrx_word' id='word_1_70' title='bbox 1117 627 1236 664; x_wconf 85' lang='lat' dir='ltr'><strong>quam</strong></span> 
     </span>
     <span class='ocr_line' id='line_1_11' title="bbox 115 668 1239 722; baseline -0.004 -13"><span class='ocrx_word' id='word_1_71' title='bbox 115 670 268 718; x_wconf 87' lang='lat' dir='ltr'><strong>domus,</strong></span> <span class='ocrx_word' id='word_1_72' title='bbox 288 684 407 722; x_wconf 90' lang='lat' dir='ltr'><strong>quam</strong></span> <span class='ocrx_word' id='word_1_73' title='bbox 426 671 496 709; x_wconf 88' lang='lat' dir='ltr'><strong>Dii</strong></span> <span class='ocrx_word' id='word_1_74' title='bbox 509 677 678 722; x_wconf 85' lang='lat' dir='ltr'><strong>penates,</strong></span> <span class='ocrx_word' id='word_1_75' title='bbox 695 682 773 708; x_wconf 92' lang='lat' dir='ltr'><strong>uno</strong></span> <span class='ocrx_word' id='word_1_76' title='bbox 787 669 854 707; x_wconf 92' lang='grc'>1110</span> <span class='ocrx_word' id='word_1_77' title='bbox 867 669 1076 707; x_wconf 82' lang='lat' dir='ltr'><strong>exsulante.</strong></span> <span class='ocrx_word' id='word_1_78' title='bbox 1107 668 1149 706; x_wconf 87' lang='lat' dir='ltr'><strong>Si</strong></span> <span class='ocrx_word' id='word_1_79' title='bbox 1160 668 1239 705; x_wconf 87' lang='lat' dir='ltr'><strong>fra-</strong></span> 
     </span>
     <span class='ocr_line' id='line_1_12' title="bbox 115 722 1237 776; baseline -0.003 -14"><span class='ocrx_word' id='word_1_80' title='bbox 115 731 234 773; x_wconf 84' lang='lat' dir='ltr'><strong>terne,</strong></span> <span class='ocrx_word' id='word_1_81' title='bbox 255 725 287 763; x_wconf 85' lang='lat' dir='ltr'><strong>si</strong></span> <span class='ocrx_word' id='word_1_82' title='bbox 304 725 381 776; x_wconf 89' lang='lat' dir='ltr'><strong>pie,</strong></span> <span class='ocrx_word' id='word_1_83' title='bbox 403 725 434 763; x_wconf 89' lang='lat' dir='ltr'><strong>si</strong></span> <span class='ocrx_word' id='word_1_84' title='bbox 451 737 541 763; x_wconf 92' lang='lat' dir='ltr'><strong>cum</strong></span> <span class='ocrx_word' id='word_1_85' title='bbox 560 724 700 772; x_wconf 87' lang='lat' dir='ltr'><strong>dolore,</strong></span> <span class='ocrx_word' id='word_1_86' title='bbox 722 723 893 769; x_wconf 83' lang='lat' dir='ltr'><strong>faciunt3</strong></span> <span class='ocrx_word' id='word_1_87' title='bbox 923 730 1101 761; x_wconf 87' lang='lat' dir='ltr'><strong>moveant</strong></span> <span class='ocrx_word' id='word_1_88' title='bbox 1116 729 1153 759; x_wconf 90' lang='lat' dir='ltr'><strong>te</strong></span> <span class='ocrx_word' id='word_1_89' title='bbox 1166 722 1237 759; x_wconf 88' lang='lat' dir='ltr'><strong>ho-</strong></span> 
     </span>
     <span class='ocr_line' id='line_1_13' title="bbox 114 775 1233 830; baseline -0.002 -15"><span class='ocrx_word' id='word_1_90' title='bbox 114 791 201 816; x_wconf 87' lang='lat' dir='ltr'><strong>rum</strong></span> <span class='ocrx_word' id='word_1_91' title='bbox 231 779 424 830; x_wconf 85' lang='lat' dir='ltr'><strong>lacrymae,</strong></span> <span class='ocrx_word' id='word_1_92' title='bbox 456 785 607 817; x_wconf 86' lang='lat' dir='ltr'><strong>moveat</strong></span> <span class='ocrx_word' id='word_1_93' title='bbox 636 778 770 829; x_wconf 86' lang='lat' dir='ltr'><strong>pietas,</strong></span> <span class='ocrx_word' id='word_1_94' title='bbox 801 784 953 815; x_wconf 88' lang='lat' dir='ltr'><strong>moveat</strong></span> <span class='ocrx_word' id='word_1_95' title='bbox 976 775 1233 826; x_wconf 77' lang='lat' dir='ltr'><strong>germanitas:</strong></span> 
     </span>
     <span class='ocr_line' id='line_1_14' title="bbox 114 830 1238 884; baseline -0.004 -13"><span class='ocrx_word' id='word_1_96' title='bbox 114 833 236 871; x_wconf 76' lang='lat' dir='ltr'><strong>valeat</strong></span> <span class='ocrx_word' id='word_1_97' title='bbox 255 841 322 871; x_wconf 90' lang='lat' dir='ltr'><strong>tua</strong></span> <span class='ocrx_word' id='word_1_98' title='bbox 341 846 415 871; x_wconf 84' lang='lat' dir='ltr'><strong>vox</strong></span> <span class='ocrx_word' id='word_1_99' title='bbox 433 833 516 880; x_wconf 80' lang='grc'>1113,</span> <span class='ocrx_word' id='word_1_100' title='bbox 537 845 624 884; x_wconf 83' lang='lat' dir='ltr'><strong>quae</strong></span> <span class='ocrx_word' id='word_1_101' title='bbox 638 832 738 870; x_wconf 84' lang='lat' dir='ltr'><strong>vicit.</strong></span> <span class='ocrx_word' id='word_1_102' title='bbox 768 831 829 869; x_wconf 91' lang='lat' dir='ltr'><strong>Te</strong></span> <span class='ocrx_word' id='word_1_103' title='bbox 847 831 950 868; x_wconf 90' lang='lat' dir='ltr'><strong>enim</strong></span> <span class='ocrx_word' id='word_1_104' title='bbox 970 830 1091 868; x_wconf 85' lang='lat' dir='ltr'><strong>dicere</strong></span> <span class='ocrx_word' id='word_1_105' title='bbox 1106 830 1238 868; x_wconf 85' lang='lat' dir='ltr'><strong>audie-</strong></span> 
     </span>
     <span class='ocr_line' id='line_1_15' title="bbox 112 883 1236 936; baseline -0.002 -12"><span class='ocrx_word' id='word_1_106' title='bbox 112 888 263 934; x_wconf 84' lang='lat' dir='ltr'><strong>bamus,</strong></span> <span class='ocrx_word' id='word_1_107' title='bbox 279 899 364 935; x_wconf 91' lang='lat' dir='ltr'><strong>nos,</strong></span> <span class='ocrx_word' id='word_1_108' title='bbox 377 899 510 924; x_wconf 85' lang='lat' dir='ltr'><strong>omnes</strong></span> <span class='ocrx_word' id='word_1_109' title='bbox 523 886 596 923; x_wconf 83' lang='lat' dir='ltr'><strong>adv</strong></span> <span class='ocrx_word' id='word_1_110' title='bbox 599 886 755 923; x_wconf 83' lang='lat' dir='ltr'><strong>ersarios</strong></span> <span class='ocrx_word' id='word_1_111' title='bbox 769 893 918 936; x_wconf 85' lang='lat' dir='ltr'><strong>putare,</strong></span> <span class='ocrx_word' id='word_1_112' title='bbox 931 883 1005 921; x_wconf 90' lang='lat' dir='ltr'><strong>nisi</strong></span> <span class='ocrx_word' id='word_1_113' title='bbox 1020 884 1088 935; x_wconf 93' lang='lat' dir='ltr'><strong>qui</strong></span> <span class='ocrx_word' id='word_1_114' title='bbox 1106 884 1236 922; x_wconf 90' lang='lat' dir='ltr'><strong>nobis-</strong></span> 
     </span>
     <span class='ocr_line' id='line_1_16' title="bbox 111 940 1235 990; baseline -0.002 -12"><span class='ocrx_word' id='word_1_115' title='bbox 111 953 201 978; x_wconf 90' lang='lat' dir='ltr'><strong>cum</strong></span> <span class='ocrx_word' id='word_1_116' title='bbox 217 949 368 986; x_wconf 88' lang='lat' dir='ltr'><strong>essent;</strong></span> <span class='ocrx_word' id='word_1_117' title='bbox 398 947 436 979; x_wconf 86' lang='lat' dir='ltr'><strong>te</strong></span> <span class='ocrx_word' id='word_1_118' title='bbox 447 952 592 987; x_wconf 86' lang='lat' dir='ltr'><strong>omnes,</strong></span> <span class='ocrx_word' id='word_1_119' title='bbox 615 940 683 990; x_wconf 86' lang='lat' dir='ltr'><strong>qui</strong></span> <span class='ocrx_word' id='word_1_120' title='bbox 697 948 826 977; x_wconf 90' lang='lat' dir='ltr'><strong>contra</strong></span> <span class='ocrx_word' id='word_1_121' title='bbox 841 946 878 976; x_wconf 90' lang='lat' dir='ltr'><strong>te</strong></span> <span class='ocrx_word' id='word_1_122' title='bbox 892 951 969 977; x_wconf 86' lang='lat' dir='ltr'><strong>non</strong></span> <span class='ocrx_word' id='word_1_123' title='bbox 983 945 1119 986; x_wconf 84' lang='lat' dir='ltr'><strong>essent,</strong></span> <span class='ocrx_word' id='word_1_124' title='bbox 1136 945 1235 976; x_wconf 86' lang='lat' dir='ltr'><strong>tuos.</strong></span> 
     </span>
     <span class='ocr_line' id='line_1_17' title="bbox 111 967 1235 1046; baseline -0.003 -14"><span class='ocrx_word' id='word_1_125' title='bbox 111 993 281 1033; x_wconf 89' lang='lat' dir='ltr'><strong>Videsne</strong></span> <span class='ocrx_word' id='word_1_126' title='bbox 299 994 416 1046; x_wconf 79' lang='lat' dir='ltr'><strong>igitur</strong></span> <span class='ocrx_word' id='word_1_127' title='bbox 434 993 539 1032; x_wconf 88' lang='grc'>110110</span> <span class='ocrx_word' id='word_1_128' title='bbox 553 993 810 1045; x_wconf 72' lang='lat' dir='ltr'><strong>splendorem,</strong></span> <span class='ocrx_word' id='word_1_129' title='bbox 832 1005 987 1031; x_wconf 88' lang='lat' dir='ltr'><strong>omnem</strong></span> <span class='ocrx_word' id='word_1_130' title='bbox 1001 992 1100 1030; x_wconf 91' lang='lat' dir='ltr'><strong>hanc</strong></span> <span class='ocrx_word' id='word_1_131' title='bbox 1108 967 1235 1030; x_wconf 58' lang='grc' dir='ltr'>’1310οφ</span> 
     </span>
     <span class='ocr_line' id='line_1_18' title="bbox 110 1046 1232 1096; baseline -0.003 -10"><span class='ocrx_word' id='word_1_132' title='bbox 110 1048 270 1086; x_wconf 88' lang='lat' dir='ltr'><strong>chorum</strong></span> <span class='ocrx_word' id='word_1_133' title='bbox 284 1049 460 1096; x_wconf 89' lang='lat' dir='ltr'><strong>domum,</strong></span> <span class='ocrx_word' id='word_1_134' title='bbox 473 1048 577 1086; x_wconf 89' lang='lat' dir='ltr'><strong>hunc</strong></span> <span class='ocrx_word' id='word_1_135' title='bbox 593 1047 641 1085; x_wconf 92' lang='lat' dir='ltr'><strong>L.</strong></span> <span class='ocrx_word' id='word_1_136' title='bbox 656 1048 867 1095; x_wconf 85' lang='lat' dir='ltr'><strong>Marcium,</strong></span> <span class='ocrx_word' id='word_1_137' title='bbox 889 1047 933 1085; x_wconf 87' lang='lat' dir='ltr'><strong>C.</strong></span> <span class='ocrx_word' id='word_1_138' title='bbox 948 1046 1168 1093; x_wconf 66' lang='lat' dir='ltr'><strong>Caesetium,</strong></span> <span class='ocrx_word' id='word_1_139' title='bbox 1182 1046 1232 1084; x_wconf 91' lang='lat' dir='ltr'><strong>L.</strong></span> 
     </span>
     <span class='ocr_line' id='line_1_19' title="bbox 112 1100 1234 1153; baseline -0.004 -12"><span class='ocrx_word' id='word_1_140' title='bbox 112 1103 339 1151; x_wconf 81' lang='lat' dir='ltr'><strong>Corfidium,</strong></span> <span class='ocrx_word' id='word_1_141' title='bbox 353 1102 466 1140; x_wconf 92' lang='lat' dir='ltr'><strong>hosce</strong></span> <span class='ocrx_word' id='word_1_142' title='bbox 480 1115 612 1140; x_wconf 91' lang='lat' dir='ltr'><strong>omnes</strong></span> <span class='ocrx_word' id='word_1_143' title='bbox 627 1101 774 1153; x_wconf 88' lang='lat' dir='ltr'><strong>equites</strong></span> <span class='ocrx_word' id='word_1_144' title='bbox 786 1102 999 1147; x_wconf 85' lang='lat' dir='ltr'><strong>Romanos,</strong></span> <span class='ocrx_word' id='word_1_145' title='bbox 1014 1100 1082 1151; x_wconf 90' lang='lat' dir='ltr'><strong>qui</strong></span> <span class='ocrx_word' id='word_1_146' title='bbox 1093 1100 1234 1138; x_wconf 85' lang='lat' dir='ltr'><strong>adsunt</strong></span> 
     </span>
     <span class='ocr_line' id='line_1_20' title="bbox 111 1155 1236 1205; baseline -0.003 -11"><span class='ocrx_word' id='word_1_147' title='bbox 111 1164 213 1195; x_wconf 83' lang='lat' dir='ltr'><strong>veste</strong></span> <span class='ocrx_word' id='word_1_148' title='bbox 224 1156 389 1205; x_wconf 62' lang='lat' dir='ltr'><strong>mutata,</strong></span> <span class='ocrx_word' id='word_1_149' title='bbox 402 1169 479 1194; x_wconf 88' lang='lat' dir='ltr'><strong>non</strong></span> <span class='ocrx_word' id='word_1_150' title='bbox 495 1157 620 1194; x_wconf 89' lang='lat' dir='ltr'><strong>solum</strong></span> <span class='ocrx_word' id='word_1_151' title='bbox 639 1164 748 1194; x_wconf 89' lang='lat' dir='ltr'><strong>notos</strong></span> <span class='ocrx_word' id='word_1_152' title='bbox 769 1155 852 1203; x_wconf 84' lang='lat' dir='ltr'><strong>tibi,</strong></span> <span class='ocrx_word' id='word_1_153' title='bbox 869 1168 1003 1193; x_wconf 84' lang='lat' dir='ltr'><strong>verum</strong></span> <span class='ocrx_word' id='word_1_154' title='bbox 1017 1155 1131 1192; x_wconf 84' lang='lat' dir='ltr'><strong>etiam</strong></span> <span class='ocrx_word' id='word_1_155' title='bbox 1146 1167 1236 1205; x_wconf 90' lang='lat' dir='ltr'><strong>pro-</strong></span> 
     </span>
     <span class='ocr_line' id='line_1_21' title="bbox 110 1209 1232 1261; baseline -0.003 -13"><span class='ocrx_word' id='word_1_156' title='bbox 110 1211 218 1248; x_wconf 87' lang='lat' dir='ltr'><strong>batos</strong></span> <span class='ocrx_word' id='word_1_157' title='bbox 236 1210 349 1258; x_wconf 81' lang='lat' dir='ltr'><strong>viros,</strong></span> <span class='ocrx_word' id='word_1_158' title='bbox 370 1218 497 1248; x_wconf 89' lang='lat' dir='ltr'><strong>tecum</strong></span> <span class='ocrx_word' id='word_1_159' title='bbox 521 1210 670 1248; x_wconf 82' lang='lat' dir='ltr'><strong>fuisse?</strong></span> <span class='ocrx_word' id='word_1_160' title='bbox 709 1211 844 1261; x_wconf 88' lang='lat' dir='ltr'><strong>Atque</strong></span> <span class='ocrx_word' id='word_1_161' title='bbox 866 1209 926 1247; x_wconf 89' lang='lat' dir='ltr'><strong>his</strong></span> <span class='ocrx_word' id='word_1_162' title='bbox 951 1209 1232 1253; x_wconf 79' lang='lat' dir='ltr'><strong>irascebamur3</strong></span> 
     </span>
     <span class='ocr_line' id='line_1_22' title="bbox 110 1261 1232 1315; baseline -0.004 -13"><span class='ocrx_word' id='word_1_163' title='bbox 110 1263 180 1302; x_wconf 90' lang='lat' dir='ltr'><strong>hos</strong></span> <span class='ocrx_word' id='word_1_164' title='bbox 192 1264 478 1315; x_wconf 80' lang='lat' dir='ltr'><strong>requirebamus</strong></span> <span class='ocrx_word' id='word_1_165' title='bbox 492 1278 504 1309; x_wconf 76' lang='lat'>3</span> <span class='ocrx_word' id='word_1_166' title='bbox 533 1264 594 1302; x_wconf 87' lang='lat' dir='ltr'><strong>his</strong></span> <span class='ocrx_word' id='word_1_167' title='bbox 608 1264 786 1302; x_wconf 84' lang='grc'>1100110111</span> <span class='ocrx_word' id='word_1_168' title='bbox 801 1263 914 1301; x_wconf 83' lang='lat' dir='ltr'><strong>etiam</strong></span> <span class='ocrx_word' id='word_1_169' title='bbox 933 1261 1232 1313; x_wconf 80' lang='lat' dir='ltr'><strong>[minabamur.]</strong></span> 
     </span>
     <span class='ocr_line' id='line_1_23' title="bbox 111 1316 1235 1369; baseline -0.003 -13"><span class='ocrx_word' id='word_1_170' title='bbox 111 1318 302 1356; x_wconf 83' lang='lat' dir='ltr'><strong>Conserva</strong></span> <span class='ocrx_word' id='word_1_171' title='bbox 315 1318 433 1369; x_wconf 85' lang='lat' dir='ltr'><strong>igitur</strong></span> <span class='ocrx_word' id='word_1_172' title='bbox 449 1318 523 1356; x_wconf 90' lang='lat' dir='ltr'><strong>tuis</strong></span> <span class='ocrx_word' id='word_1_173' title='bbox 534 1331 622 1356; x_wconf 85' lang='lat' dir='ltr'><strong>suos</strong></span> <span class='ocrx_word' id='word_1_174' title='bbox 638 1332 650 1362; x_wconf 78' lang='lat'>3</span> <span class='ocrx_word' id='word_1_175' title='bbox 681 1325 738 1366; x_wconf 90' lang='lat' dir='ltr'><strong>ut,</strong></span> <span class='ocrx_word' id='word_1_176' title='bbox 755 1316 1081 1368; x_wconf 85' lang='lat' dir='ltr'><strong>quemadmodum</strong></span> <span class='ocrx_word' id='word_1_177' title='bbox 1101 1323 1235 1363; x_wconf 76' lang='lat' dir='ltr'><strong>caetera</strong></span> 
     </span>
     <span class='ocr_line' id='line_1_24' title="bbox 111 1370 1203 1423; baseline -0.002 -14"><span class='ocrx_word' id='word_1_178' title='bbox 111 1385 199 1423; x_wconf 90' lang='lat' dir='ltr'><strong>quae</strong></span> <span class='ocrx_word' id='word_1_179' title='bbox 217 1371 318 1410; x_wconf 86' lang='lat' dir='ltr'><strong>dicta</strong></span> <span class='ocrx_word' id='word_1_180' title='bbox 336 1380 426 1410; x_wconf 87' lang='lat' dir='ltr'><strong>sunt</strong></span> <span class='ocrx_word' id='word_1_181' title='bbox 444 1385 467 1410; x_wconf 88' lang='lat' dir='ltr'><strong>a</strong></span> <span class='ocrx_word' id='word_1_182' title='bbox 485 1379 536 1419; x_wconf 88' lang='lat' dir='ltr'><strong>te,</strong></span> <span class='ocrx_word' id='word_1_183' title='bbox 559 1371 610 1409; x_wconf 91' lang='grc'><strong>510</strong></span> <span class='ocrx_word' id='word_1_184' title='bbox 631 1371 704 1410; x_wconf 91' lang='lat' dir='ltr'><strong>hoc</strong></span> <span class='ocrx_word' id='word_1_185' title='bbox 722 1371 963 1410; x_wconf 85' lang='lat' dir='ltr'><strong>verissimum</strong></span> <span class='ocrx_word' id='word_1_186' title='bbox 982 1370 1203 1422; x_wconf 87' lang='lat' dir='ltr'><strong>reperiatur.</strong></span> 
     </span>
    </p>

    <p class='ocr_par' dir='ltr' id='par_1_5' title="bbox 105 1425 1236 2072">
     <span class='ocr_line' id='line_1_25' title="bbox 165 1425 1236 1477; baseline -0.002 -13"><span class='ocrx_word' id='word_1_187' title='bbox 165 1426 268 1464; x_wconf 87' lang='lat' dir='ltr'><strong>XII.</strong></span> <span class='ocrx_word' id='word_1_188' title='bbox 299 1425 418 1473; x_wconf 84' lang='lat' dir='ltr'><strong>Quod</strong></span> <span class='ocrx_word' id='word_1_189' title='bbox 443 1426 474 1464; x_wconf 89' lang='lat' dir='ltr'><strong>si</strong></span> <span class='ocrx_word' id='word_1_190' title='bbox 498 1425 651 1477; x_wconf 86' lang='lat' dir='ltr'><strong>penitus</strong></span> <span class='ocrx_word' id='word_1_191' title='bbox 684 1425 894 1476; x_wconf 86' lang='lat' dir='ltr'><strong>perspicere</strong></span> <span class='ocrx_word' id='word_1_192' title='bbox 924 1436 1051 1476; x_wconf 88' lang='lat' dir='ltr'><strong>posses</strong></span> <span class='ocrx_word' id='word_1_193' title='bbox 1083 1436 1236 1462; x_wconf 90' lang='lat' dir='ltr'><strong>concor-</strong></span> 
     </span>
     <span class='ocr_line' id='line_1_26' title="bbox 110 1477 1233 1531; baseline -0.003 -13"><span class='ocrx_word' id='word_1_194' title='bbox 110 1479 215 1518; x_wconf 85' lang='lat' dir='ltr'><strong>diam</strong></span> <span class='ocrx_word' id='word_1_195' title='bbox 235 1480 496 1531; x_wconf 88' lang='lat' dir='ltr'><strong>Ligariorum,</strong></span> <span class='ocrx_word' id='word_1_196' title='bbox 517 1492 649 1518; x_wconf 89' lang='lat' dir='ltr'><strong>omnes</strong></span> <span class='ocrx_word' id='word_1_197' title='bbox 666 1479 800 1517; x_wconf 85' lang='lat' dir='ltr'><strong>fratres</strong></span> <span class='ocrx_word' id='word_1_198' title='bbox 817 1485 946 1517; x_wconf 86' lang='lat' dir='ltr'><strong>tecum</strong></span> <span class='ocrx_word' id='word_1_199' title='bbox 962 1477 1151 1527; x_wconf 80' lang='lat' dir='ltr'><strong>judicares</strong></span> <span class='ocrx_word' id='word_1_200' title='bbox 1169 1478 1233 1516; x_wconf 88' lang='lat' dir='ltr'><strong>fu-</strong></span> 
     </span>
     <span class='ocr_line' id='line_1_27' title="bbox 109 1531 1234 1585; baseline -0.004 -13"><span class='ocrx_word' id='word_1_201' title='bbox 109 1533 194 1572; x_wconf 85' lang='lat' dir='ltr'><strong>isse.</strong></span> <span class='ocrx_word' id='word_1_202' title='bbox 234 1535 304 1572; x_wconf 86' lang='lat' dir='ltr'><strong>An</strong></span> <span class='ocrx_word' id='word_1_203' title='bbox 322 1541 446 1585; x_wconf 86' lang='lat' dir='ltr'><strong>potest</strong></span> <span class='ocrx_word' id='word_1_204' title='bbox 472 1534 675 1585; x_wconf 88' lang='lat' dir='ltr'><strong>quisquam</strong></span> <span class='ocrx_word' id='word_1_205' title='bbox 697 1533 886 1580; x_wconf 88' lang='lat' dir='ltr'><strong>dubitare,</strong></span> <span class='ocrx_word' id='word_1_206' title='bbox 908 1532 1016 1584; x_wconf 87' lang='lat' dir='ltr'><strong>quin,</strong></span> <span class='ocrx_word' id='word_1_207' title='bbox 1039 1532 1069 1569; x_wconf 89' lang='lat' dir='ltr'><strong>si</strong></span> <span class='ocrx_word' id='word_1_208' title='bbox 1090 1531 1140 1579; x_wconf 87' lang='lat' dir='ltr'><strong>Q.</strong></span> <span class='ocrx_word' id='word_1_209' title='bbox 1163 1532 1234 1569; x_wconf 91' lang='lat' dir='ltr'><strong>Li-</strong></span> 
     </span>
     <span class='ocr_line' id='line_1_28' title="bbox 107 1586 1233 1639; baseline -0.003 -12"><span class='ocrx_word' id='word_1_210' title='bbox 107 1587 236 1639; x_wconf 86' lang='lat' dir='ltr'><strong>garius</strong></span> <span class='ocrx_word' id='word_1_211' title='bbox 255 1588 295 1626; x_wconf 84' lang='lat' dir='ltr'><strong>in</strong></span> <span class='ocrx_word' id='word_1_212' title='bbox 315 1588 431 1626; x_wconf 84' lang='lat' dir='ltr'><strong>Italia</strong></span> <span class='ocrx_word' id='word_1_213' title='bbox 451 1601 528 1626; x_wconf 89' lang='lat' dir='ltr'><strong>esse</strong></span> <span class='ocrx_word' id='word_1_214' title='bbox 546 1587 746 1639; x_wconf 82' lang='lat' dir='ltr'><strong>potuisset,</strong></span> <span class='ocrx_word' id='word_1_215' title='bbox 765 1587 806 1624; x_wconf 89' lang='lat' dir='ltr'><strong>in</strong></span> <span class='ocrx_word' id='word_1_216' title='bbox 822 1586 956 1624; x_wconf 87' lang='lat' dir='ltr'><strong>eadem</strong></span> <span class='ocrx_word' id='word_1_217' title='bbox 973 1586 1159 1624; x_wconf 90' lang='lat' dir='ltr'><strong>sententia</strong></span> <span class='ocrx_word' id='word_1_218' title='bbox 1170 1586 1233 1624; x_wconf 85' lang='lat' dir='ltr'><strong>fu-</strong></span> 
     </span>
     <span class='ocr_line' id='line_1_29' title="bbox 108 1640 1231 1694; baseline -0.003 -14"><span class='ocrx_word' id='word_1_219' title='bbox 108 1642 218 1685; x_wconf 80' lang='lat' dir='ltr'><strong>&#39;turus</strong></span> <span class='ocrx_word' id='word_1_220' title='bbox 231 1642 392 1690; x_wconf 88' lang='lat' dir='ltr'><strong>fuerit,</strong></span> <span class='ocrx_word' id='word_1_221' title='bbox 381 1654 422 1680; x_wconf 88' lang='lat' dir='ltr'><strong>m</strong></span> <span class='ocrx_word' id='word_1_222' title='bbox 448 1656 526 1694; x_wconf 85' lang='lat' dir='ltr'><strong>qua</strong></span> <span class='ocrx_word' id='word_1_223' title='bbox 544 1642 679 1680; x_wconf 85' lang='lat' dir='ltr'><strong>fratres</strong></span> <span class='ocrx_word' id='word_1_224' title='bbox 700 1642 893 1680; x_wconf 78' lang='lat' dir='ltr'><strong>fuerunt?</strong></span> <span class='ocrx_word' id='word_1_225' title='bbox 935 1640 1036 1688; x_wconf 87' lang='lat' dir='ltr'><strong>Quis</strong></span> <span class='ocrx_word' id='word_1_226' title='bbox 1062 1647 1130 1687; x_wconf 90' lang='lat' dir='ltr'><strong>est,</strong></span> <span class='ocrx_word' id='word_1_227' title='bbox 1163 1640 1231 1691; x_wconf 92' lang='lat' dir='ltr'><strong>qui</strong></span> 
     </span>
     <span class='ocr_line' id='line_1_30' title="bbox 106 1693 1228 1747; baseline -0.005 -10"><span class='ocrx_word' id='word_1_228' title='bbox 106 1696 247 1737; x_wconf 90' lang='lat' dir='ltr'><strong>horum</strong></span> <span class='ocrx_word' id='word_1_229' title='bbox 269 1709 496 1736; x_wconf 89' lang='lat' dir='ltr'><strong>consensum</strong></span> <span class='ocrx_word' id='word_1_230' title='bbox 515 1695 795 1747; x_wconf 82' lang='lat' dir='ltr'><strong>conspirantem</strong></span> <span class='ocrx_word' id='word_1_231' title='bbox 814 1703 851 1734; x_wconf 92' lang='lat' dir='ltr'><strong>et</strong></span> <span class='ocrx_word' id='word_1_232' title='bbox 876 1707 985 1746; x_wconf 86' lang='lat' dir='ltr'><strong>paene</strong></span> <span class='ocrx_word' id='word_1_233' title='bbox 1004 1693 1228 1743; x_wconf 81' lang='lat' dir='ltr'><strong>conflatum,</strong></span> 
     </span>
     <span class='ocr_line' id='line_1_31' title="bbox 107 1748 1230 1813; baseline -0.002 -24"><span class='ocrx_word' id='word_1_234' title='bbox 107 1750 148 1788; x_wconf 89' lang='lat' dir='ltr'><strong>in</strong></span> <span class='ocrx_word' id='word_1_235' title='bbox 159 1751 231 1791; x_wconf 86' lang='lat' dir='ltr'><strong>hac</strong></span> <span class='ocrx_word' id='word_1_236' title='bbox 241 1764 359 1813; x_wconf 83' lang='lat' dir='ltr'><strong>prope</strong></span> <span class='ocrx_word' id='word_1_237' title='bbox 371 1750 587 1802; x_wconf 83' lang='lat' dir='ltr'><strong>aequalitate</strong></span> <span class='ocrx_word' id='word_1_238' title='bbox 598 1750 780 1799; x_wconf 84' lang='lat' dir='ltr'><strong>fraterna,</strong></span> <span class='ocrx_word' id='word_1_239' title='bbox 796 1761 873 1788; x_wconf 90' lang='lat' dir='ltr'><strong>non</strong></span> <span class='ocrx_word' id='word_1_240' title='bbox 885 1748 1057 1787; x_wconf 87' lang='lat' dir='ltr'><strong>noverit?</strong></span> <span class='ocrx_word' id='word_1_241' title='bbox 1078 1748 1146 1799; x_wconf 88' lang='lat' dir='ltr'><strong>qui</strong></span> <span class='ocrx_word' id='word_1_242' title='bbox 1157 1748 1230 1787; x_wconf 87' lang='lat' dir='ltr'><strong>hoc</strong></span> 
     </span>
     <span class='ocr_line' id='line_1_32' title="bbox 107 1802 1229 1856; baseline -0.003 -14"><span class='ocrx_word' id='word_1_243' title='bbox 107 1816 186 1843; x_wconf 89' lang='lat' dir='ltr'><strong>non</strong></span> <span class='ocrx_word' id='word_1_244' title='bbox 201 1806 350 1854; x_wconf 84' lang='lat' dir='ltr'><strong>sentiat,</strong></span> <span class='ocrx_word' id='word_1_245' title='bbox 371 1805 521 1856; x_wconf 85' lang='lat' dir='ltr'><strong>quidvis</strong></span> <span class='ocrx_word' id='word_1_246' title='bbox 540 1805 646 1856; x_wconf 90' lang='lat' dir='ltr'><strong>prius</strong></span> <span class='ocrx_word' id='word_1_247' title='bbox 656 1805 835 1842; x_wconf 80' lang='lat' dir='ltr'><strong>futurum</strong></span> <span class='ocrx_word' id='word_1_248' title='bbox 847 1803 977 1851; x_wconf 81' lang='lat' dir='ltr'><strong>fuisse,</strong></span> <span class='ocrx_word' id='word_1_249' title='bbox 992 1815 1109 1854; x_wconf 88' lang='lat' dir='ltr'><strong>quam</strong></span> <span class='ocrx_word' id='word_1_250' title='bbox 1129 1809 1173 1840; x_wconf 88' lang='lat' dir='ltr'><strong>ut</strong></span> <span class='ocrx_word' id='word_1_251' title='bbox 1186 1802 1229 1840; x_wconf 93' lang='lat' dir='ltr'><strong>hi</strong></span> 
     </span>
     <span class='ocr_line' id='line_1_33' title="bbox 105 1858 1227 1912; baseline -0.003 -16"><span class='ocrx_word' id='word_1_252' title='bbox 105 1858 239 1898; x_wconf 85' lang='lat' dir='ltr'><strong>fratres</strong></span> <span class='ocrx_word' id='word_1_253' title='bbox 257 1859 422 1897; x_wconf 83' lang='lat' dir='ltr'><strong>diversas</strong></span> <span class='ocrx_word' id='word_1_254' title='bbox 440 1859 644 1898; x_wconf 84' lang='lat' dir='ltr'><strong>sententias</strong></span> <span class='ocrx_word' id='word_1_255' title='bbox 672 1859 919 1912; x_wconf 85' lang='lat' dir='ltr'><strong>fortunasque</strong></span> <span class='ocrx_word' id='word_1_256' title='bbox 948 1859 1227 1909; x_wconf 84' lang='lat' dir='ltr'><strong>sequerentur?</strong></span> 
     </span>
     <span class='ocr_line' id='line_1_34' title="bbox 107 1910 1227 1965; baseline -0.003 -14"><span class='ocrx_word' id='word_1_257' title='bbox 107 1912 319 1952; x_wconf 86' lang='lat' dir='ltr'><strong>Voluntate</strong></span> <span class='ocrx_word' id='word_1_258' title='bbox 347 1913 464 1965; x_wconf 88' lang='lat' dir='ltr'><strong>igitur</strong></span> <span class='ocrx_word' id='word_1_259' title='bbox 492 1926 625 1952; x_wconf 89' lang='lat' dir='ltr'><strong>omnes</strong></span> <span class='ocrx_word' id='word_1_260' title='bbox 643 1920 770 1952; x_wconf 85' lang='lat' dir='ltr'><strong>tecum</strong></span> <span class='ocrx_word' id='word_1_261' title='bbox 788 1910 970 1958; x_wconf 84' lang='lat' dir='ltr'><strong>fuerunt:</strong></span> <span class='ocrx_word' id='word_1_262' title='bbox 1001 1917 1227 1962; x_wconf 85' lang='lat' dir='ltr'><strong>tempestate</strong></span> 
     </span>
     <span class='ocr_line' id='line_1_35' title="bbox 105 1965 1227 2019; baseline -0.001 -15"><span class='ocrx_word' id='word_1_263' title='bbox 105 1968 285 2019; x_wconf 87' lang='lat' dir='ltr'><strong>abreptus</strong></span> <span class='ocrx_word' id='word_1_264' title='bbox 304 1975 360 2006; x_wconf 90' lang='lat' dir='ltr'><strong>est</strong></span> <span class='ocrx_word' id='word_1_265' title='bbox 376 1980 504 2013; x_wconf 82' lang='lat' dir='ltr'><strong>unus3</strong></span> <span class='ocrx_word' id='word_1_266' title='bbox 534 1967 616 2018; x_wconf 86' lang='lat' dir='ltr'><strong>qui,</strong></span> <span class='ocrx_word' id='word_1_267' title='bbox 637 1967 669 2006; x_wconf 87' lang='lat' dir='ltr'><strong>si</strong></span> <span class='ocrx_word' id='word_1_268' title='bbox 695 1967 852 2006; x_wconf 81' lang='lat' dir='ltr'><strong>consilio</strong></span> <span class='ocrx_word' id='word_1_269' title='bbox 876 1965 917 2009; x_wconf 80' lang='lat' dir='ltr'><strong>id</strong></span> <span class='ocrx_word' id='word_1_270' title='bbox 945 1965 1105 2013; x_wconf 85' lang='lat' dir='ltr'><strong>fecisset,</strong></span> <span class='ocrx_word' id='word_1_271' title='bbox 1131 1971 1227 2004; x_wconf 88' lang='lat' dir='ltr'><strong>esset</strong></span> 
     </span>
     <span class='ocr_line' id='line_1_36' title="bbox 105 2018 1141 2072; baseline -0.002 -14"><span class='ocrx_word' id='word_1_272' title='bbox 105 2032 237 2059; x_wconf 81' lang='lat' dir='ltr'><strong>eorum</strong></span> <span class='ocrx_word' id='word_1_273' title='bbox 254 2021 401 2068; x_wconf 83' lang='lat' dir='ltr'><strong>similis,</strong></span> <span class='ocrx_word' id='word_1_274' title='bbox 417 2035 513 2072; x_wconf 89' lang='lat' dir='ltr'><strong>quos</strong></span> <span class='ocrx_word' id='word_1_275' title='bbox 530 2028 574 2058; x_wconf 93' lang='lat' dir='ltr'><strong>tu</strong></span> <span class='ocrx_word' id='word_1_276' title='bbox 590 2029 718 2060; x_wconf 86' lang='lat' dir='ltr'><strong>tamen</strong></span> <span class='ocrx_word' id='word_1_277' title='bbox 738 2022 860 2059; x_wconf 85' lang='lat' dir='ltr'><strong>salvos</strong></span> <span class='ocrx_word' id='word_1_278' title='bbox 879 2032 958 2058; x_wconf 91' lang='lat' dir='ltr'><strong>esse</strong></span> <span class='ocrx_word' id='word_1_279' title='bbox 977 2018 1141 2057; x_wconf 87' lang='lat' dir='ltr'><strong>voluisti.</strong></span> 
     </span>
    </p>

    <p class='ocr_par' dir='ltr' id='par_1_6' title="bbox 105 2049 1222 2178">
     <span class='ocr_line' id='line_1_37' title="bbox 158 2049 1222 2123; baseline -0.004 -10"><span class='ocrx_word' id='word_1_280' title='bbox 158 2075 234 2113; x_wconf 89' lang='lat' dir='ltr'><strong>Sed</strong></span> <span class='ocrx_word' id='word_1_281' title='bbox 251 2075 336 2114; x_wconf 87' lang='lat' dir='ltr'><strong>ierit</strong></span> <span class='ocrx_word' id='word_1_282' title='bbox 353 2049 402 2113; x_wconf 77' lang='lat' dir='ltr'><strong>ad</strong></span> <span class='ocrx_word' id='word_1_283' title='bbox 423 2076 595 2114; x_wconf 87' lang='lat' dir='ltr'><strong>bellum·</strong></span> <span class='ocrx_word' id='word_1_284' title='bbox 626 2075 851 2123; x_wconf 90' lang='lat' dir='ltr'><strong>discesserit,</strong></span> <span class='ocrx_word' id='word_1_285' title='bbox 882 2086 959 2111; x_wconf 90' lang='lat' dir='ltr'><strong>non</strong></span> <span class='ocrx_word' id='word_1_286' title='bbox 979 2087 1002 2111; x_wconf 88' lang='lat' dir='ltr'><strong>a</strong></span> <span class='ocrx_word' id='word_1_287' title='bbox 1019 2081 1057 2110; x_wconf 90' lang='lat' dir='ltr'><strong>te</strong></span> <span class='ocrx_word' id='word_1_288' title='bbox 1083 2073 1222 2121; x_wconf 87' lang='lat' dir='ltr'><strong>solum,</strong></span> 
     </span>
     <span class='ocr_line' id='line_1_38' title="bbox 105 2126 1220 2178; baseline -0.002 -12"><span class='ocrx_word' id='word_1_289' title='bbox 105 2140 239 2167; x_wconf 81' lang='lat' dir='ltr'><strong>verum</strong></span> <span class='ocrx_word' id='word_1_290' title='bbox 256 2129 372 2167; x_wconf 85' lang='lat' dir='ltr'><strong>etiam</strong></span> <span class='ocrx_word' id='word_1_291' title='bbox 391 2142 414 2167; x_wconf 87' lang='lat' dir='ltr'><strong>a</strong></span> <span class='ocrx_word' id='word_1_292' title='bbox 432 2129 637 2168; x_wconf 87' lang='lat' dir='ltr'><strong>fratribus:</strong></span> <span class='ocrx_word' id='word_1_293' title='bbox 666 2130 709 2167; x_wconf 88' lang='lat' dir='ltr'><strong>hi</strong></span> <span class='ocrx_word' id='word_1_294' title='bbox 728 2137 765 2168; x_wconf 88' lang='lat' dir='ltr'><strong>te</strong></span> <span class='ocrx_word' id='word_1_295' title='bbox 783 2135 893 2167; x_wconf 85' lang='lat' dir='ltr'><strong>orant</strong></span> <span class='ocrx_word' id='word_1_296' title='bbox 911 2127 980 2165; x_wconf 88' lang='lat' dir='ltr'><strong>tui.</strong></span> <span class='ocrx_word' id='word_1_297' title='bbox 1009 2126 1220 2178; x_wconf 90' lang='lat' dir='ltr'><strong>Equidem,</strong></span> 
     </span>
    </p>
   </div>
   <div class='ocr_carea' id='block_1_3' title="bbox 105 2181 1224 2275">
    <p class='ocr_par' dir='ltr' id='par_1_7' title="bbox 105 2181 1224 2275">
     <span class='ocr_line' id='line_1_39' title="bbox 105 2181 1224 2235; baseline -0.002 -15"><span class='ocrx_word' id='word_1_298' title='bbox 105 2194 193 2222; x_wconf 76' lang='lat' dir='ltr'><strong>cum</strong></span> <span class='ocrx_word' id='word_1_299' title='bbox 204 2182 280 2222; x_wconf 90' lang='lat' dir='ltr'><strong>tuis</strong></span> <span class='ocrx_word' id='word_1_300' title='bbox 291 2183 470 2223; x_wconf 88' lang='lat' dir='ltr'><strong>omnibus</strong></span> <span class='ocrx_word' id='word_1_301' title='bbox 484 2183 645 2235; x_wconf 79' lang='lat' dir='ltr'><strong>negotiis</strong></span> <span class='ocrx_word' id='word_1_302' title='bbox 655 2183 889 2229; x_wconf 84' lang='lat' dir='ltr'><strong>interessem,</strong></span> <span class='ocrx_word' id='word_1_303' title='bbox 901 2181 1088 2220; x_wconf 63' lang='lat' dir='ltr'><strong>memoria</strong></span> <span class='ocrx_word' id='word_1_304' title='bbox 1100 2188 1224 2229; x_wconf 85' lang='lat' dir='ltr'><strong>teneo,</strong></span> 
     </span>
     <span class='ocr_line' id='line_1_40' title="bbox 880 2237 950 2275; baseline -0.029 0"><span class='ocrx_word' id='word_1_305' title='bbox 880 2247 905 2275; x_wconf 72' lang='lat' dir='ltr'><strong>r</strong></span> <span class='ocrx_word' id='word_1_306' title='bbox 925 2237 950 2273; x_wconf 86' lang='lat'><strong>3</strong></span> 
     </span>
    </p>
   </div>
  </div>
 </body>
</html>
