1509 2397
406 447 478 496 IN
513 448 584 496 M.
614 446 982 497 ANTONIUM

502 571 731 622 Philippica
757 571 904 609 Tertia.

196 675 230 713 Ι.
261 676 434 717 SEmus
453 679 626 727 omnino,
648 685 776 730 patres
794 675 1010 729 conscripti,
1030 687 1149 728 quam
1169 680 1267 712 tem-

141 744 216 782 pus
234 731 454 783 reipublicae
477 733 710 784 postulabat,
738 732 946 784 aliquando
971 740 1101 769 tamen
1129 739 1267 767 convo-

141 784 217 823 cati
249 799 384 824 sumus
401 801 412 824 z
454 788 559 839 quod
591 787 814 838 flagitabam
851 785 1031 838 equidem
1068 781 1265 836 quotidie;

141 838 286 890 quippe
314 853 404 878 cum
427 842 577 879 bellum
599 841 790 879 nefarium
816 849 947 878 contra
974 852 1057 878 aras
1085 846 1122 876 et
1148 837 1266 882 focoe,

141 901 272 932 contra
290 894 411 933 vitam
434 895 685 946 fortunasque
709 901 871 941 nostras,
896 896 944 932 ab
963 893 1119 931 homine
1137 890 1268 943 profli-

140 954 230 997 gato
248 960 292 986 ac
309 948 458 999 perdito
470 962 547 987 non
560 948 786 1000 comparari,
801 949 865 987 scd
877 948 972 999 geri,
985 949 1070 997 jam
1085 946 1267 984 viderem.

138 1001 428 1053 Exspectantur
436 1003 617 1042 Calendae
634 1003 814 1041 danuarii
829 1017 840 1048 ς
861 1016 958 1054 quas
976 1014 1053 1039 non
1069 1006 1264 1052 exspectat

139 1055 353 1105 Antonius,
373 1057 442 1109 qui
465 1057 505 1096 in
531 1057 767 1110 provinciam
791 1057 944 1095 Decimi
969 1055 1099 1102 Bruti,
1123 1053 1268 1094 summi

141 1117 179 1148 et
197 1109 402 1161 singularis
424 1111 510 1160 viri,
534 1125 624 1151 cum
647 1111 815 1150 exercitu
837 1111 1030 1162 impetum
1055 1110 1177 1148 facere
1204 1120 1267 1146 co-

140 1170 281 1211 natur3
312 1178 361 1204 ex
379 1166 459 1218 qua
477 1179 516 1205 se
533 1167 766 1204 instructum
792 1173 829 1205 et
846 1173 1026 1218 paratum
1045 1164 1094 1203 ad
1119 1164 1270 1203 Urbem

143 1224 348 1257 venturum
368 1233 447 1259 esse
465 1220 677 1259 minitatur.

198 1272 300 1320 Quae
325 1281 383 1312 est
404 1274 523 1325 igitur
551 1273 796 1326 exspectatio,
824 1281 891 1312 aut
917 1286 1006 1325 quae
1030 1272 1091 1311 vel
1114 1269 1271 1309 minimi

142 1325 276 1364 dilatio
295 1329 508 1379 temporis?
539 1329 792 1380 Quamquam
813 1328 916 1366 enim
936 1327 1076 1365 adsunt
1089 1324 1271 1364 Calendae

142 1380 172 1418 J
175 1381 337 1429 aunarii,
358 1389 486 1421 tamen
505 1384 618 1422 breve
637 1391 790 1434 tempus
808 1382 970 1433 longum
985 1387 1042 1419 est
1058 1378 1270 1432 imparatis,

144 1434 239 1473 Diffi
259 1435 363 1473 enim
383 1436 505 1486 affert,
527 1438 588 1476 vel
609 1437 704 1476 hora
729 1436 872 1488 potius,
892 1435 966 1474 nisi
984 1434 1181 1487 provisum
1200 1440 1271 1479 est,

142 1500 305 1540 magnas
324 1503 423 1542 saepe
442 1491 592 1530 clades:
624 1498 747 1530 certus
773 1499 905 1529 autem
929 1489 1010 1528 dies
1029 1501 1121 1537 non,
1149 1496 1194 1526 ut
1212 1500 1273 1525 sa-

141 1543 287 1591 crificii,
309 1544 361 1582 sic
375 1545 535 1588 consilii,
557 1544 768 1597 exspectari
787 1544 890 1583 solet.
921 1543 1040 1592 Quod
1059 1543 1090 1582 si
1107 1550 1175 1581 aut
1194 1542 1272 1580 Ca-

141 1597 265 1636 lendae
283 1598 464 1637 Januarii
477 1599 638 1638 fuissent
657 1612 701 1638 eo
719 1599 794 1647 die,
815 1612 893 1652 quo
911 1599 1083 1650 primum
1104 1610 1151 1635 ex
1164 1596 1273 1635 Urbe

140 1651 244 1703 fugit
260 1653 473 1702 Antonius,
494 1661 563 1693 aut
580 1654 642 1692 hae
663 1665 742 1692 non
767 1661 890 1691 essent
908 1658 1161 1704 exspectatae;
1190 1651 1274 1689 bel-

143 1706 227 1743 lum
239 1707 323 1756 jam
342 1707 496 1746 nullum
514 1708 756 1747 haberemus.
784 1707 1027 1746 Auctoritate
1041 1706 1145 1744 enim
1165 1717 1274 1743 sena-

148 1762 223 1809 tus,
261 1773 522 1813 consensuque
557 1762 694 1814 populi
730 1761 916 1809 Romani,
959 1761 1071 1799 facile
1107 1758 1276 1798 hominis

145 1814 310 1853 amentis
328 1815 573 1867 fregissemus
599 1815 814 1854 audaciam.
853 1814 974 1864 Quod
998 1814 1146 1853 confido
1165 1813 1276 1864 equi-

145 1868 236 1907 dem
255 1871 429 1908 consules
447 1870 677 1922 designatos,
699 1870 817 1908 simul
835 1883 879 1908 ac
895 1869 1166 1920 magistratum
1179 1867 1276 1905 inie-

143 1922 234 1971 rint,
256 1936 335 1962 esse
352 1924 519 1963 facturos
536 1939 547 1964 2
578 1932 669 1963 sunt
683 1924 786 1963 enim
801 1924 948 1976 optimo
962 1924 1106 1970 animo,
1120 1934 1276 1961 summo

140 1976 315 2025 consilio,
339 1978 524 2029 singulari
552 1977 762 2017 concordia.
802 1978 897 2016 Mea
924 1985 1055 2016 autem
1082 1975 1276 2015 festinatio

145 2042 223 2068 non
241 2032 407 2071 victoriae
434 2034 561 2071 solum
589 2033 700 2072 avida
728 2041 797 2081 est,
823 2033 891 2071 sed
919 2032 1035 2070 etiam
1062 2029 1275 2070 celeritatis.

145 2084 240 2132 Quo
258 2085 361 2124 enim
386 2100 510 2139 usque
528 2095 681 2126 tantum
700 2087 866 2135 bellum,
896 2094 977 2124 tam
1006 2085 1174 2133 crudele,
1195 2091 1277 2122 tam

145 2138 350 2188 nefarium,
376 2142 534 2192 privatis
560 2141 726 2180 consiliis
754 2139 1043 2193 propulsabitur
1057 2142 1075 2179 ?
1103 2152 1173 2178 cur
1197 2147 1277 2177 non

144 2194 434 2245 quamprimum
452 2195 608 2247 publioe,
623 2195 768 2234 accedit
785 2194 992 2234 auctoritas
1003 2194 1022 2232 ?

136 2289 141 2292 ,
197 2247 257 2286 ΙΙ.
286 2249 332 2288 C.
346 2249 475 2290 Caesar
493 2250 725 2299 adolfficens,
741 2261 852 2302 paene
870 2248 998 2302 potius
1017 2261 1130 2301 puer,
1149 2247 1273 2289 incre-
