1509 2397
243 83 296 118 52
503 83 568 121 IN
598 82 872 122 PISONEM.
902 83 1008 122 CAP.
1037 84 1101 122 24.

236 188 458 237 Calventiae,
478 203 602 242 neque
620 191 737 240 hujus
755 190 874 251 urbis,
902 191 967 229 sed
991 190 1204 230 Placentini
1221 189 1353 230 muni-

235 242 338 293 cipii,
373 256 497 295 neque
523 245 672 296 paterni
690 245 851 295 generis,
871 245 937 282 sed
954 245 1144 283 brachatae
1161 245 1351 296 cognatio-

233 296 307 344 nis,
328 296 513 336 dedecus!
537 299 713 359 quemad
705 298 864 336 modum
883 299 1050 338 venisti?
1071 299 1158 350 quis
1171 299 1256 347 tibi,
1271 311 1349 337 non

232 349 358 388 dicam
377 351 530 399 horum,
544 361 611 390 aut
625 352 767 390 civium
785 360 1028 414 caeterorum,-
1041 353 1106 391 sed
1125 360 1280 391 tuorum
1293 353 1349 390 le-

231 413 424 454 gatorum,
455 406 607 443 obviam
627 406 753 443 venit
742 406 760 427 '²
790 405 951 444 Mecum
970 407 1073 444 enim
1092 407 1140 444 L.
1169 407 1344 454 Flaccus,

231 457 289 495 vir
307 459 376 496 tua
402 459 590 510 legatione
618 459 919 510 indignissimus,
951 468 1067 511 atque
1091 461 1136 499 iis
1166 460 1344 507 consiliis,

230 511 371 561 quibus
389 525 541 551 mecum
560 514 600 551 in
630 514 828 551 consulatu
856 526 943 552 meo
961 516 1184 564 conjunctus
1203 514 1278 552 fuit
1296 513 1346 552 ad

229 567 524 605 conservandam
533 567 824 618 rempublicam,
831 567 994 618 dignior,
1003 581 1155 606 mecum
1161 567 1236 606 fuit
1242 575 1343 615 tum,

230 631 319 656 cum
337 627 374 658 te
394 621 552 671 quidam
568 634 644 659 non
663 622 776 672 longe
795 635 818 659 a
835 622 946 672 porta
964 634 1053 659 cum
1073 621 1268 660 lictoribus
1288 634 1346 659 er-

229 680 377 711 rantem
398 674 521 712 visum
542 688 619 713 esse
637 682 815 713 narraret.
847 675 932 713 Scio
950 675 1042 713 item
1061 675 1185 714 virum
1205 675 1344 713 fortem

228 726 269 764 in
289 727 437 778 primis,
458 729 548 766 belli
567 742 610 767 ac
629 729 682 766 rei
700 729 873 767 militaris
902 729 1084 780 peritum,
1114 728 1345 767 familiarem

230 793 376 827 meum,
398 781 449 829 Q.
471 782 682 829 Marcium,
711 786 892 835 (quorum
920 791 962 821 tu
981 783 1196 834 legatorum
1213 782 1346 834 proelio

229 833 434 885 imperator
448 837 660 887 appellatus
675 849 769 883 eras,
786 850 873 874 cum
890 835 1007 888 [non]
1020 837 1134 888 longe
1147 836 1347 884 abfuissoe)

229 888 395 926 adventu
414 889 486 928 isto
506 897 586 936 tuo,
607 890 712 927 domi
730 890 846 928 fuisse
864 890 1040 928 otiosum.

284 942 359 980 Sed
378 943 472 994 quid
491 956 561 994 ego
580 956 774 992 enumero,
796 944 863 995 qui
882 944 953 982 tibi
971 944 1124 982 obviam
1138 956 1216 982 non
1235 956 1348 983 vene-

228 995 305 1034 rint
319 999 336 1034 ?
365 997 448 1035 dico
467 998 611 1035 venisse
629 1010 737 1049 paene
756 998 964 1046 neminem,
985 1010 1034 1036 ne
1052 998 1099 1036 de
1125 998 1349 1037 officiosissi-

227 1050 294 1087 ma
313 1050 469 1101 quidem
488 1051 640 1089 natione
659 1051 961 1098 candidatorum,
975 1064 1064 1089 cum
1079 1052 1194 1102 vulgo
1209 1058 1346 1099 essent,

228 1111 266 1141 et
283 1103 379 1141 1110
368 1117 466 1156 1pso,
487 1113 524 1143 et
543 1105 676 1143 multis
695 1113 782 1143 ante
797 1105 944 1152 diebus,
958 1105 1144 1143 admoniti
1159 1113 1196 1143 et
1207 1105 1343 1157 rogati.

227 1157 392 1208 Togulae
410 1159 604 1197 lictoribus
623 1159 672 1197 ad
689 1167 838 1220 portam
850 1167 987 1210 praesto
997 1159 1179 1205 fuerunt3
1201 1160 1343 1210 quibus

226 1211 284 1249 illi
310 1213 486 1264 acceptis,
508 1213 641 1263 sagula
658 1214 882 1262 rejecerunt,
914 1220 951 1250 et
968 1220 1157 1251 catervam
1175 1213 1341 1264 impera-

226 1265 300 1303 tori
319 1278 387 1303 suo
405 1279 479 1304 nov
482 1279 545 1304 am
564 1268 821 1327 praebuerunt.
852 1266 914 1305 Sic
927 1266 1013 1314 iste,
1033 1274 1139 1304 tanto
1159 1266 1341 1327 0110101111,

226 1320 335 1357 tanta
352 1320 561 1371 provincia,
581 1320 744 1358 triennio
761 1328 861 1371 post,
889 1320 1189 1359 Macedonicus·
1179 1333 1344 1372 lmpera-

226 1382 299 1421 tor,
320 1374 360 1411 in
387 1374 534 1412 Urbem
554 1387 592 1412 se
610 1374 755 1422 intulit,
779 1382 823 1412 ut
844 1374 989 1412 nullius
1017 1374 1258 1425 negotiatoris
1276 1375 1346 1412 ob-

227 1427 433 1466 scurissimi
458 1428 601 1466 reditus
632 1441 806 1479 unquam
830 1428 946 1466 fuerit
973 1428 1162 1466 desertior.
1199 1429 1249 1466 In
1268 1440 1346 1479 quo

226 1493 290 1519 me
308 1489 452 1530 tamen,
474 1482 540 1534 qui
560 1489 654 1520 esset
672 1490 826 1533 paratus
845 1482 895 1519 ad
913 1495 951 1519 se
969 1481 1266 1530 defendendum,
1286 1494 1347 1520 re-

226 1535 438 1586 prehendit.
461 1536 563 1574 Cum
579 1548 649 1586 ego
662 1536 941 1574 Coelimontana
952 1536 1062 1587 porta
1073 1536 1248 1573 introisse
1261 1535 1348 1573 dix-

226 1589 354 1636 issem,
375 1590 576 1640 sponsione
594 1602 672 1637 me,
698 1590 739 1626 ni
761 1588 966 1640 Esquilina
992 1589 1198 1636 introisset,
1229 1589 1346 1627 homo

226 1643 508 1692 promtissimus
527 1643 738 1681 lacessivit:
768 1642 878 1693 quasi
896 1655 984 1680 vero
1009 1642 1048 1679 id
1067 1650 1135 1680 aut
1164 1655 1234 1694 ego
1252 1642 1346 1680 scire

227 1695 441 1744 debuerim,
471 1704 538 1734 aut
557 1699 723 1734 vestrum
743 1695 935 1747 quispiam
962 1694 1179 1748 [audierit,]
1209 1704 1277 1734 aut
1295 1696 1347 1734 ad'
1376 1729 1384 1738 .

227 1762 309 1787 rem
328 1750 527 1800 pertineat,
548 1763 627 1801 qua
656 1758 699 1787 tu
718 1751 828 1800 porta
845 1750 1046 1796 introieris,
1077 1750 1192 1788 modo
1210 1763 1258 1788 ne
1277 1750 1344 1788 tri-

226 1803 429 1854 umphali;
459 1817 546 1854 quae
563 1811 673 1863 porta
691 1803 950 1841 Macedonicis
969 1816 1116 1855 semper
1137 1816 1343 1855 proconsu-

227 1857 330 1895 libus
348 1865 435 1895 ante
454 1864 491 1894 te
509 1857 645 1908 patuit.
676 1857 741 1894 Tu
771 1857 948 1895 inventus
976 1870 1028 1904 es,
1050 1857 1132 1909 qui,
1153 1857 1342 1896 consulari

227 1911 387 1962 impe1io
406 1910 600 1961 praeditus,
622 1923 669 1948 ex
690 1911 919 1948 Macedonia
932 1923 1009 1948 non
1027 1911 1310 1962 triumphares.

281 1965 441 2003 XXIV.
472 1967 530 2001 At
549 1964 721 2012 audistis,
742 1972 866 2015 patres
890 1964 1104 2015 conscripti,
1124 1965 1341 2016 philosophi

226 2030 368 2056 vocem.
391 2018 572 2069 Negavit,
583 2031 621 2056 se
635 2017 822 2069 triumphi
834 2018 1014 2069 cupidum
1026 2031 1198 2069 unquam
1209 2017 1342 2056 fuisse.-

227 2071 265 2110 Ο
288 2073 433 2110 scelus!
464 2085 488 2110 o
504 2072 648 2122 pestis'
679 2084 702 2109 o
720 2072 852 2110 labes.
844 2072 852 2097 ¹
885 2084 973 2109 cum
997 2072 1262 2123 exstinguebas
1281 2085 1339 2110 se-

223 2132 374 2172 natum,
395 2126 583 2164 vendebas
601 2126 863 2163 auctoritatem
880 2125 998 2175 hujus
1016 2126 1172 2173 ordinis,
1192 2125 1342 2164 addice-

220 2180 288 2217 bas
315 2180 470 2218 tribuno
501 2179 623 2231 plebis
643 2179 883 2218 consulatum
904 2187 1031 2227 tuum,
1060 2179 1338 2230 rempublicam
