1509 2397
258 102 341 140 300
478 101 815 142 PHILIPPICA
846 102 945 141 VII.
969 101 1087 141 ..cam
1110 101 1150 140 4.

260 221 337 247 non
358 211 484 258 verbo,
505 210 570 248 sed
589 223 642 257 re,
673 211 804 248 multis
833 210 1005 258 decretis,
1032 205 1258 259 judicaritis,
1283 219 1372 248 cum

257 264 332 301 hoc
348 264 476 302 subito
503 277 595 315 pace
613 266 708 303 velle
735 265 946 316 conjungi?
988 264 1075 302 Nisi
1094 276 1196 310 vero,
1216 275 1305 302 cum
1325 262 1372 301 C.

257 317 404 356 Caesari
418 318 572 356 meritos
589 318 646 356 illi
665 319 820 370 quidem
839 319 999 357 honores
1013 325 1050 356 et
1068 317 1227 364 debitos,
1241 316 1306 354 sed
1317 325 1376 355 ta-

256 383 352 409 men
372 371 581 423 singulares
600 380 637 410 et
654 373 901 421 immortales,
933 371 1159 418 decrevistis,
1189 382 1308 408 unam
1325 372 1376 408 ob

260 437 429 472 causam,
450 426 554 477 quod
569 435 698 464 contra
716 427 777 464 M.
797 426 1015 464 Antonium
1044 425 1252 463 exercitum
1271 436 1376 463 com-

253 480 479 529 paravisset,
511 492 588 517 non
618 481 766 518 hostem
798 480 1017 517 Antonium
1043 478 1268 528 judicasti&
1307 489 1377 515 nec

254 541 345 570 -tum
363 534 481 572 hostis
501 542 555 572 est
574 548 596 571 a
614 535 720 572 vobis
736 534 928 584 judicatus
953 533 1162 581 Antonius,
1190 545 1279 570 cum
1292 532 1376 569 lau-

256 586 339 624 dati
357 588 577 626 auctoritate
597 589 721 626 vestr&o
740 588 906 626 veterani
924 588 1078 635 milites,
1097 587 1166 638 qui
1185 586 1374 624 Caesarem

256 642 376 679 secuti
407 654 463 680 ess
465 649 552 686 ent,
586 641 673 691 [nec
697 650 782 680 tum
811 642 959 681 hostem
984 641 1204 679 Antonium
1225 639 1374 688 judica-

257 695 375 733 vistis.
369 697 398 747 ]
431 709 519 734 011111
538 696 673 734 fortiss
648 697 751 734 umis
770 696 998 747 legionibus,
1029 694 1134 746 quod
1156 694 1284 739 illum,
1304 692 1373 743 qui

259 750 392 787 consul
416 750 695 801 appellabatur,
719 763 809 788 cum
834 758 930 789 esset
957 750 1089 796 hostis,
1119 746 1372 800 reliquissent,

256 803 486 849 vacationes,
507 805 701 854 pecunias,
723 817 846 855 agros,
868 803 1132 855 spopondistis.

255 878 259 882 ·
313 857 388 895 IV.
419 858 558 905 Quid?
588 871 676 896 cum
706 859 891 904 Brutum,
918 858 1047 897 omine
1076 856 1243 908 quodam
1272 855 1376 895 illius

255 911 404 962 generis
424 920 461 949 et
479 912 658 959 nominis,
686 919 821 950 natum
840 912 888 950 ad
907 911 1183 962 rempublicam
1211 910 1376 948 liberan-

255 965 362 1011 dam,
385 966 670 1016 exercitumque
685 967 765 1015 ejus
784 979 853 1016 pro
863 967 1036 1004 libertate
1053 965 1188 1016 populi
1202 964 1373 1002 Romani

254 1019 400 1056 bellum
421 1026 614 1070 gerentem
633 1032 721 1057 cum
740 1020 927 1066 Antonio,
953 1019 1263 1070 provinciamque
1280 1018 1375 1055 fide·-

254 1072 441 1110 lissimam
461 1081 575 1124 atque
594 1074 794 1124 optimam,
817 1074 1000 1120 Galliam,
1020 1072 1198 1110 laudibus
1212 1071 1374 1122 amplis-

258 1126 364 1164 simis
396 1126 583 1173 affecistis,
618 1135 703 1164 tum
733 1139 810 1165 non
842 1127 990 1165 hostem
1020 1126 1218 1176 judicastis
1244 1126 1374 1164 Anto-

257 1180 400 1218 nium?
441 1180 583 1227 Quid?
613 1194 701 1218 cum
732 1180 961 1228 decrevistis,
990 1187 1035 1218 ut
1064 1180 1249 1227 consules,
1281 1178 1376 1217 alter

256 1235 432 1279 ambove,
454 1234 503 1271 ad
520 1235 666 1272 bellum
685 1235 1033 1285 proficiscerentur;
1064 1233 1168 1284 quod
1195 1239 1275 1271 erat
1290 1233 1374 1270 bel·

256 1287 355 1335 lum,
383 1288 414 1326 si
432 1288 550 1326 hostis
568 1288 763 1326 Antonius
781 1301 858 1326 non
885 1295 988 1327 erat.
978 1290 996 1315 9
1040 1287 1132 1335 Quo
1149 1286 1267 1337 igitur
1283 1297 1373 1336 pro-

256 1341 378 1379 fectus
397 1349 452 1379 est
470 1341 528 1379 vir
546 1342 786 1389 fortissimus,
807 1355 916 1380 meus
941 1342 1085 1391 collega
1103 1347 1140 1379 et
1157 1339 1370 1387 familiaris,

256 1395 310 1433 A.
331 1395 482 1433 Hirtius
501 1395 663 1433 consul?
682 1404 721 1433 at
736 1409 813 1447 qua
825 1395 1109 1434 imbecillitate!
1132 1408 1211 1445 qua
1221 1394 1369 1432 macie.
1359 1394 1368 1419 ⁹

257 1448 333 1486 Sed
359 1449 479 1486 animi
504 1449 600 1488 vires
630 1450 794 1501 001Ρο115
821 1449 1021 1488 infirmitas
1048 1461 1125 1487 non
1154 1447 1370 1486 retardavit.

257 1502 436 1554 AEquum
470 1503 613 1549 (credo)
646 1503 810 1554 putavit,
832 1503 965 1550 vitam,
997 1515 1114 1554 quam
1139 1501 1272 1553 populi
1290 1501 1373 1539 Ro-

254 1556 361 1593 mani
387 1556 482 1594 votis
501 1558 728 1604 retinuisset,
755 1570 824 1608 pro
846 1557 1018 1595 libertate
1043 1556 1177 1608 populi
1206 1555 1374 1594 Romani

256 1608 295 1646 in
316 1610 517 1648 discrimen
537 1611 734 1649 adducere.

255 1683 259 1691 ⁴
310 1663 419 1711 Quid
433 1666 462 1702 ?.
481 1677 570 1702 cum
592 1665 757 1703 delectus
784 1665 916 1703 haberi
944 1663 1025 1703 tota
1055 1663 1170 1702 Italia
1191 1662 1371 1713 jussistis,

255 1729 345 1755 cum
365 1717 575 1756 vacationes
589 1731 720 1756 omnes
739 1719 954 1766 sustulistis,
975 1726 1059 1756 tum
1078 1718 1142 1755 ille
1159 1717 1277 1755 hostis
1294 1728 1372 1753 non

255 1778 311 1808 est
336 1770 561 1820 judicatus?
589 1772 805 1810 Armorum
831 1772 997 1811 officinas
1024 1772 1065 1809 in
1085 1771 1192 1810 Urbe
1211 1770 1370 1809 videtis:

255 1823 396 1862 milites
429 1837 518 1863 cum
547 1825 683 1876 gladiis
711 1833 922 1877 sequuntur
951 1825 1169 1864 consulem:
1200 1823 1375 1876 praesidio

255 1885 359 1926 sunt,
380 1879 517 1929 speeie,
544 1879 718 1925 consuli3
749 1893 789 1918 re
808 1886 844 1918 et
863 1879 1032 1927 veritate,
1061 1878 1196 1917 nobis:
1226 1889 1371 1924 omnes,

256 1931 337 1969 sine
356 1933 438 1969 ulla
465 1933 711 1980 recusatione,
733 1946 884 1971 summo
903 1933 1126 1974 etiamcum
1145 1931 1284 1979 studio,
1304 1943 1373 1968 no-

256 1985 363 2022 mina
381 1985 498 2031 dant;
528 1994 662 2037 parent
681 1987 893 2025 auctoritati
911 1995 1069 2032 vestrae;
1099 1997 1175 2024 non
1195 1993 1250 2023 est
1269 1983 1374 2034 judi-

256 2045 362 2076 catus
380 2039 498 2077 hostis
515 2040 734 2078 Antonius.
726 2042 743 2067 9

256 2115 261 2120 -
311 2092 371 2130 At
388 2093 530 2143 legatos
549 2094 735 2131 111151111115.
767 2094 878 2132 Heu.
909 2107 972 2132 me
989 2092 1196 2132 miserum!
1228 2105 1295 2130 cur
1313 2103 1372 2129 se-

259 2153 395 2183 natum
416 2159 541 2198 cogor,
562 2160 678 2199 quem
708 2148 862 2186 laudavi
886 2161 1047 2199 semper,
1072 2144 1372 2198 reprehendere?

259 2198 397 2245 Quid?
428 2213 492 2238 zos
507 2201 677 2251 censetis,
697 2210 820 2253 patros
831 2201 1044 2252 conscripti,
1056 2201 1268 2252 legatorum
1281 2199 1374 2255 11115-
