1509 2397
283 90 363 127 ⁴200
528 87 868 126 PHILIPPICA
899 87 957 126 ΙΙ.
988 88 1095 126 CAP.
1117 88 1153 126 4.

282 195 415 234 ficium
428 202 496 242 est,
517 195 619 246 quod
637 203 675 233 te
693 195 919 234 abstinueris
938 194 1082 233 nefario
1101 195 1240 234 scelere
1252 197 1271 234 ⁰?
1309 194 1402 243 Qua

283 249 325 286 in
351 263 405 296 re,
435 261 511 287 non
535 258 615 287 tam
638 249 856 300 jucundum
883 249 1002 287 videri
1024 249 1122 286 mihi
1152 249 1298 296 debuit,
1324 261 1402 287 non

284 303 527 341 interfectum
545 316 568 340 a
587 311 638 351 te,
655 315 773 355 quam
784 303 983 350 miserum,
998 302 1039 340 id
1058 310 1094 341 te
1111 303 1271 354 impune
1281 303 1405 341 facere

285 357 464 408 potuisse.

341 410 416 448 Sed
436 411 483 448 sit
499 411 741 458 beneficium,
763 410 1075 462 quandoquidem
1100 411 1226 460 majus
1245 410 1364 462 accipi
1380 423 1405 448 a

285 465 430 502 latrone
449 465 602 501 nullum
622 465 767 515 potuim
787 465 826 501 in
842 477 919 515 quo
931 472 1037 515 potes
1055 476 1119 502 me
1137 464 1260 502 dicere
1277 464 1407 515 ingra-

285 520 399 556 tum?
429 520 497 554 Au
517 518 563 555 de
578 519 732 556 interitu
752 518 970 568 reipublicae
989 517 1098 569 queri
1116 529 1193 555 nou
1208 517 1337 566 debui,
1357 530 1406 556 ne

285 571 327 609 in
350 579 386 609 te
414 571 586 621 ingratus
605 572 783 610 n'derer?
823 573 942 619 Nam,
970 571 1011 608 in
1033 571 1100 609 illa
1122 571 1291 622 querela,
1317 571 1408 614 (mi-

286 625 370 663 sera
389 625 544 676 quidem
564 632 601 663 et
618 626 807 671 luctuosa,
829 625 893 663 sed
912 625 1022 672 mihi,
1042 638 1112 676 pro
1134 626 1206 663 hoc
1224 625 1346 675 gradu
1364 625 1406 663 in

286 692 363 730 quo
378 691 441 716 me
460 688 610 716 senatus
629 680 872 731 populusque
893 680 1092 717 Romanus
1111 678 1320 726 collocavit,
1340 691 1409 717 ne-

286 733 461 777 cessaris)
483 733 577 783 quid
589 740 644 770 est
655 733 802 771 dictum
817 747 839 771 a
850 746 912 771 me
927 745 1015 771 cum
1028 733 1290 771 contumelia?
1311 733 1407 784 quid

286 797 364 823 non
383 785 574 824 moderate
593 789 609 824 Ρ
640 787 734 838 quid
759 799 836 825 non
859 787 1013 825 amice?
1043 787 1098 824 Et
1115 786 1273 838 quidem
1298 788 1408 836 cujus

286 840 547 891 temperantiae
567 840 654 888 fuit,
679 841 726 878 de
745 841 807 878 M.
827 841 1001 879 Antonio
1027 848 1262 892 querentem,
1289 841 1408 878 absti-

284 905 375 931 nere
400 894 633 932 maledicto?
662 895 871 945 praesertim
895 907 984 933 cum
1006 902 1049 932 tu
1074 894 1255 945 reliquias
1278 894 1408 945 reipu-

284 947 395 985 blicae
413 947 694 998 dissipavdsses;
725 961 814 986 cum
840 949 945 986 domi
963 956 1040 986 tuae
1062 947 1281 999 turpissimo
1304 960 1409 986 mer-

286 1008 373 1038 catu
393 1002 523 1039 omnia
543 1009 664 1039 essent
678 1003 852 1047 venalia;
883 1015 970 1040 cum
990 1003 1091 1053 leges
1106 1015 1182 1049 eas,
1203 1015 1291 1053 quae
1304 1014 1405 1040 nun-

285 1067 403 1105 quam
423 1055 675 1106 promulgatae
694 1064 829 1104 essent,
851 1063 888 1094 et
906 1056 954 1094 de
972 1064 1010 1094 te
1028 1063 1065 1094 et
1079 1069 1102 1093 a
1119 1062 1157 1093 te
1173 1056 1270 1094 latas
1287 1056 1408 1094 confi-

284 1115 429 1152 terere;
460 1121 550 1146 cum
574 1110 743 1160 auspicia
767 1123 903 1160 augur,
929 1109 1233 1155 intercessionem
1257 1111 1404 1161 consul,

285 1162 527 1207 sustulisse83
559 1175 649 1200 cum
677 1176 773 1201 esses
800 1163 1004 1202 foedissime
1032 1163 1193 1214 stipatus
1219 1164 1402 1211 armatis;

259 1262 262 1264 v
284 1227 374 1253 cum
392 1228 524 1253 omnes
542 1216 782 1267 impuritates
799 1217 940 1268 pudica
953 1217 994 1255 in
1008 1217 1123 1255 domo
1134 1217 1303 1268 quotidie
1321 1231 1405 1256 sus-

284 1269 441 1319 ciperes,
462 1269 550 1307 vino
568 1270 773 1322 lustrisque
792 1270 994 1309 confectus.
1022 1271 1082 1308 At
1100 1283 1182 1322 ega,
1203 1278 1405 1323 tamquam

282 1323 381 1360 mihi
400 1335 489 1361 cum
509 1323 570 1360 M.
593 1324 728 1362 Crasso
747 1324 936 1363 contentio
955 1332 1063 1370 esset,
1083 1337 1252 1376 quocum
1269 1327 1404 1365 multae

282 1383 320 1414 et
338 1388 489 1427 magnae
507 1377 677 1424 fuerunt,
698 1390 774 1416 non
794 1391 881 1417 cum
901 1391 979 1417 uno
997 1377 1204 1429 gladiatore
1218 1381 1405 1432 nequissi-

281 1441 361 1477 m0,
389 1430 436 1468 de
459 1431 652 1481 republica
677 1432 841 1482 graviter
858 1445 1034 1484 querens,
1058 1432 1106 1470 de
1130 1433 1287 1472 homine
1305 1435 1404 1474 nihil

281 1483 374 1521 dixi.
406 1484 545 1535 Itaque
563 1485 675 1523 hodie
699 1486 907 1536 perficiam,
928 1493 972 1524 ut
988 1485 1190 1537 intelligat,
1211 1495 1403 1539 quantum

282 1549 305 1574 a
319 1549 383 1575 me
399 1538 625 1576 beneficium
646 1547 730 1577 tum
749 1540 943 1591 acceperit.

337 1591 413 1629 IV.
442 1592 501 1630 At
519 1592 634 1630 etiam
651 1593 791 1641 literas,
806 1607 901 1645 quas
919 1607 982 1632 me
1000 1594 1072 1632 sibi
1089 1593 1237 1633 misisse
1246 1594 1402 1647 diceret,

279 1644 465 1693 recitavit,
481 1646 597 1684 homo
611 1654 647 1684 et
657 1647 907 1686 humanitatis
919 1661 1065 1699 expers,
1079 1655 1116 1685 et
1127 1648 1215 1686 vitae
1228 1661 1402 1689 commu-

278 1697 339 1736 nis
357 1698 523 1749 ignarus.
563 1699 664 1747 Quis
689 1701 793 1740 enim
812 1714 1000 1753 unquam,
1021 1701 1089 1752 qui
1106 1703 1268 1753 paulum
1287 1704 1404 1742 modo

278 1753 469 1790 bonorum
484 1754 796 1793 consuetudinem
808 1757 948 1804 ubsset,
964 1756 1091 1794 literas
1103 1756 1152 1793 ad
1163 1769 1201 1794 se
1215 1757 1264 1794 ab
1279 1758 1403 1797 amico

279 1805 428 1854 missas,
448 1807 652 1846 offensione
667 1809 799 1860 aliqua
811 1809 1047 1861 interposita,
1060 1809 1102 1846 in
1119 1810 1293 1848 medium
1311 1824 1401 1862 pro-

279 1859 386 1908 tulit,
405 1860 612 1911 palamque
634 1862 834 1901 recitavit?
863 1863 972 1911 Quid
997 1871 1054 1902 est
1082 1863 1201 1913 aliud,
1221 1865 1353 1903 tollere
1378 1879 1400 1904 e

278 1913 358 1951 vita
370 1913 458 1951 vitae
469 1914 698 1964 societatem,
713 1930 830 1968 quam
842 1918 973 1956 tollere
987 1918 1197 1956 amicorum
1211 1918 1402 1971 colloquia

278 1967 495 2005 absentium
509 1970 527 2006 Ρ
555 1967 690 2016 Quam
709 1971 834 2008 multa
851 1972 938 2020 joca
960 1972 1081 2010 solent
1103 1985 1182 2010 esse
1199 1972 1240 2010 in
1257 1973 1399 2024 episto-2

278 2020 341 2067 lis,
354 2034 455 2072 quae,
468 2022 617 2073 prolata
627 2023 658 2061 si
671 2023 758 2071 sint,
771 2025 1126 2076 ineptavideantur!
1141 2038 1260 2077 quam
1273 2027 1399 2066 multa

279 2074 387 2122 seria,
408 2087 533 2127 neque
544 2084 673 2115 tamen
690 2077 772 2116 ullo
790 2078 904 2117 modo
923 2079 1181 2130 divulganda!

333 2128 392 2166 Sit
408 2129 481 2168 hoc
499 2130 789 2170 inhumanitatis
800 2139 901 2170 tuae:
922 2133 1125 2172 stultitiam
1137 2132 1399 2172 incredibilem

277 2181 414 2221 videte.
452 2183 562 2232 Quid
585 2185 717 2234 habes,
744 2186 848 2237 quod
874 2186 971 2225 mihi
993 2199 1176 2239 opponas,
1195 2187 1317 2226 homo
1334 2187 1400 2226 di-
