1509 2397
259 89 340 129 400
467 86 813 129 PHILIPPICA
841 87 962 129 XIV.
992 87 1103 130 CAP.
1127 87 1192 129 1⁰.

255 196 368 248 [cum
387 198 547 238 victores
566 199 723 252 appello
742 198 1028 252 imperatores-1
1057 195 1270 248 Quomodo
1287 197 1393 237 enim

251 253 382 304 potius
412 253 582 292 Pansam
613 253 841 306 appellem?
881 253 952 293 etsi
975 254 1093 295 habet
1121 252 1276 292 honoris
1307 265 1393 291 am·

251 306 417 358 plissimi
441 320 613 348 nomen:
647 308 844 360 quomodo
870 308 1082 347 Hirtium?
1110 307 1185 346 Est
1210 306 1278 346 ille
1303 307 1393 360 qui-

250 360 341 400 dem
360 362 520 401 consul:
553 363 620 402 sed
638 364 805 402 alterum
825 376 969 403 nomen
987 361 1165 402 beneficii
1182 368 1240 401 est
1255 361 1391 414 populi

251 415 439 465 Romani,
475 417 643 456 alterum
674 418 827 456 virtutis
864 426 947 480 atq·
1018 416 1198 456 victoriae.
1244 415 1389 465 Quid?

253 469 462 520 Caeaoem,
483 471 662 511 Deorum
688 471 874 511 beneficio
892 471 947 514 rei
1002 472 1114 514 blicae
1131 481 1390 534 procreatum,

249 523 477 566 dubitemne
496 528 690 579 appellare
709 527 1016 579 imperatorem?
1045 526 1114 579 qui
1134 526 1284 578 primus
1302 526 1393 564 An-

250 580 347 618 tonii
366 580 580 620 immanem
599 590 638 620 et
662 581 804 620 foedam
823 581 1105 630 crudelitatem,
1125 593 1204 620 non
1222 581 1350 620 solum
1369 593 1394 620 a

245 634 397 696 jugulis
423 636 575 684 nostris,
603 636 670 675 sed
693 636 810 675 etiam
833 650 857 675 a
883 636 1069 675 membris
1101 643 1141 675 et
1167 635 1391 683 visceribus,

249 690 400 728 avertit.
432 691 561 730 Unius
594 698 726 729 autem
755 690 833 730 diei
865 699 961 744 quot
989 699 1028 730 et
1051 697 1210 744 quantae
1233 689 1394 729 virtutes

249 742 338 787 (Dii
356 745 595 784 immortales
614 746 645 792 l)
665 745 849 784 fuerunt!
883 746 1070 799 Princeps
1088 745 1194 785 enim
1211 745 1392 784 omnium

248 797 379 838 Pansa
408 800 532 852 proelii
565 800 744 849 faciendi,
772 809 811 839 et
835 813 923 840 cum
946 799 1121 840 Antonio
1143 798 1390 851 confligendi,

248 851 349 892 fuit.
381 854 523 906 dignus
542 855 754 907 imperator
772 855 925 907 legione
950 855 1128 901 Martia;
1158 853 1393 906 dignalegin

249 906 713 1015 ἶξξῗῗζῖἐὲἒὲἳηῗ
729 910 1262 1016 Ρᾚῖὲῗὲζῖκῗίἲωω
1217 908 1395 1010 ⁰⁰¹¹¹s¹⁸ZZ

251 1029 342 1055 cum
362 1017 550 1057 libertatis
569 1018 683 1057 avida
701 1018 803 1070 legio
833 1019 1083 1058 effrenatius'
1072 1031 1113 1057 m
1132 1018 1254 1058 aciem
1274 1017 1394 1056 hosti-

251 1084 321 1110 um
342 1072 555 1124 irrupisset,
576 1073 735 1125 ipseque
750 1073 789 1111 in
805 1073 943 1125 primis
958 1073 1088 1112 Pansa
1101 1080 1306 1125 pugnaret,
1321 1071 1396 1110 du-

250 1127 348 1164 obus
367 1127 594 1178 periculosis
614 1127 838 1166 vulneribus
857 1127 1035 1179 acceptis,
1056 1128 1231 1167 sublatus
1249 1141 1271 1166 e
1294 1140 1395 1179 proe-

250 1180 563 1242 1io‚reipub1icae
583 1182 704 1220 vitam
722 1182 943 1220 reservavit.
973 1182 1062 1234 Ego
1080 1195 1170 1223 vero
1187 1181 1294 1220 hunc
1315 1193 1394 1220 non

249 1235 378 1274 solum
399 1236 686 1288 imperatorem,
708 1236 773 1275 sed
800 1236 918 1275 etiam
943 1236 1200 1276 clarissimum
1225 1237 1396 1302 impera-

249 1297 388 1338 torem,
415 1291 573 1341 judico·
605 1290 688 1343 qui,
718 1304 808 1330 cum
835 1299 904 1330 aut
932 1300 1056 1330 morte
1080 1302 1150 1330 aut
1168 1290 1327 1330 victoria
1354 1304 1395 1331 se

253 1344 542 1384 satisfacturum
561 1345 783 1397 reipublicae
803 1346 1080 1398 spopondisset,
1093 1345 1260 1385 alterum
1277 1345 1394 1393 fecit·

253 1399 412 1439 alterius
428 1400 497 1438 Dii
516 1400 754 1439 immortales
774 1413 888 1439 omen
907 1414 955 1439 av
956 1401 1107 1440 errant!

305 1454 360 1492 Χ.
391 1454 502 1504 Quid
521 1455 649 1494 dicam
675 1455 724 1494 de
744 1455 910 1494 Hirtio?
938 1455 1022 1508 qui,
1043 1469 1084 1495 re
1100 1454 1249 1505 audita,
1268 1468 1291 1494 e
1311 1468 1394 1495 oes-

252 1509 322 1547 tris
355 1508 452 1548 duas
484 1510 654 1561 legiones
687 1509 836 1557 eduxit,
869 1509 1086 1551 incredibili
1115 1509 1245 1550 studio
1274 1517 1393 1564 atque

252 1571 410 1611 virtute,
444 1574 627 1617 quartam
664 1565 790 1613 illam,
823 1578 927 1618 quae,
962 1565 1094 1605 relicto
1125 1563 1316 1614 Antoni0‚
1352 1578 1394 1608 oe

251 1618 347 1657 olim
376 1631 467 1658 cum
502 1619 651 1658 Martia
681 1619 833 1672 legione
854 1620 1072 1671 conjunxit,
1102 1627 1142 1659 et

250 1686 355 1725 quae‚
377 1674 587 1713 constituta
605 1687 653 1712 ex
672 1674 874 1723 veteranis,
894 1674 1025 1714 docuit
1035 1674 1104 1714 illo
1121 1674 1270 1727 proelio,
1288 1674 1395 1714 mili-

251 1728 356 1766 tibus
387 1728 449 1776 iis,
482 1729 552 1782 qui
582 1727 747 1768 Caesaris
774 1728 960 1768 beneficia
985 1730 1212 1776 servassent,
1236 1731 1392 1769 senatus

249 1783 464 1835 populique
495 1783 667 1822 Romani
700 1796 835 1823 carum
861 1795 1003 1823 nomen
1029 1797 1121 1824 esse.
1157 1782 1235 1824 His
1253 1783 1393 1836 viginti

250 1837 490 1885 cohortibus,
524 1838 635 1877 nullo
666 1838 856 1890 equitatu,
888 1839 1059 1886 Hirtius,
1098 1839 1181 1891 ipse
1217 1837 1392 1891 aquilam

250 1900 400 1944 quartae
414 1867 577 1944 legionis
589 1906 679 1932 cum
692 1893 849 1932 inferret
863 1894 962 1945 (qua
975 1893 1121 1932 nullius
1134 1893 1391 1945 pulchriorem

254 1947 422 1998 speciem
440 1947 683 2000 imperatoris
700 1948 952 2000 accepimus),
974 1961 1064 1988 cum
1086 1949 1210 1987 tribus
1229 1946 1395 1987 Antonii

253 2000 474 2052 legionibus
498 2002 958 2063 equitatuqueoonflixit3
988 2003 1194 2055 hostesque
1213 2002 1392 2049 nefarios,

253 2054 348 2094 huic
358 2055 453 2095 Jovi
470 2056 666 2105 Maximo,
682 2056 903 2110 caeterisque
916 2057 1092 2096 Deorum
1111 2057 1392 2099 immortalium

257 2110 432 2172 templis,
458 2111 578 2150 Urbis
601 2111 722 2159 tectis,
751 2111 917 2151 libertati
939 2112 1075 2165 populi
1101 2112 1286 2160 Romani,
1305 2123 1395 2151 uos-

255 2170 328 2203 trae
346 2165 435 2205 vitae
453 2165 729 2218 sanguinique,
749 2165 1010 2214 imminentes,
1037 2166 1257 2220 prostravit,
1276 2165 1394 2213 fudit,

257 2219 424 2267 occidit;
455 2227 515 2269 ut,
529 2233 621 2260 cum
635 2219 849 2261 admodum
867 2221 1015 2277 paucis,
1034 2230 1145 2263 nocte
1162 2228 1299 2271 tectus,
1313 2233 1397 2261 mo-
