1509 2397
219 124 290 164 144
436 121 550 160 PRO
581 119 917 161 MARCELLO.
949 121 1054 160 CAP.
1077 114 1114 160 8‘.

208 232 281 279 bis,
303 229 408 283 quia
425 238 463 269 te
477 229 684 269 conservati
698 242 845 278 sumus,
860 229 1095 282 providenda
1112 236 1192 269 est:
1212 241 1332 282 quam

209 287 280 325 etsi
299 297 407 337 spero
426 297 503 323 esse
521 284 671 332 falsam,
699 296 901 340 nunquam
928 291 1059 323 tamen
1077 283 1202 323 verbis
1228 290 1334 322 exte-

209 341 350 378 nuabo.
380 339 471 377 Tua
489 339 591 376 enim
611 345 736 376 cautio
753 345 882 377 nostra
900 338 1026 377 cautio
1045 345 1125 383 est,
1114 351 1125 362 ·
1154 344 1213 386 ut,
1241 337 1273 376 si
1289 338 1331 376 in

210 460 329 500 quam
347 459 486 499 parum
504 446 682 497 prudens.
714 445 789 484 Sed
808 446 987 498 quisnam
1006 455 1062 485 est
1079 446 1150 485 iste
1164 453 1245 484 tam
1264 445 1332 484 de-

207 514 335 541 mens
327 503 343 529 9
355 501 401 539 de
411 500 554 538 tuisne.
544 502 562 525 9
571 500 723 538 tamets¹
730 511 799 552 qm
805 500 928 550 magis
936 506 1026 538 sunt
1035 500 1106 548 tui,
1116 512 1236 552 quam
1244 499 1331 552 qui-

207 558 282 595 bus
289 563 332 594 tu
339 554 502 593 salutem
510 554 791 605 insperantibus
798 553 1008 593 reddidisti.
999 557 1016 582 9
1029 566 1078 592 311
1088 567 1135 592 ex
1143 566 1186 592 eo
1194 566 1332 592 nume-

206 623 265 658 ro,
285 609 354 660 qui
372 621 452 646 una
466 616 592 646 tecum
607 607 789 646 fuerunt.
779 609 798 635 9
822 608 915 645 Non
930 615 986 646 est
1000 607 1189 647 credibilis
1202 615 1333 647 tantus

208 664 249 702 in
268 663 349 701 ullo
367 662 487 708 furor,
513 670 572 710 ut,
593 674 670 713 quo
693 661 790 700 duce
815 661 946 699 omnia
970 673 1123 700 summa
1145 661 1193 700 sit
1214 661 1332 714 adep-

205 725 285 765 tus,
304 717 422 765 hujus
441 716 559 754 vitam
577 728 655 753 non
674 723 879 767 anteponat
897 729 986 754 suae.
1016 714 1131 767 [At,]
1153 715 1184 754 si
1202 716 1259 753 tui
1273 717 1334 754 ni-

207 771 264 809 hil
283 771 450 822 cogitant
475 769 637 817 sceleris,
658 769 870 808 cavendum
896 778 966 818 est,
990 782 1039 808 ne
1057 769 1151 821 quid
1170 769 1330 809 inimici.

209 825 327 873 Qui?
357 836 489 862 omnes
511 824 628 871 enim,
649 823 717 875 qui
741 823 912 872 fuerunt,
936 831 1004 862 aut
1032 823 1102 862 sua
1122 823 1331 875 pertinacia

208 880 328 918 vitam
358 878 581 925 amiserunt,
606 885 673 916 aut
697 876 766 915 1113
790 876 1047 916 misericordia
1069 878 1329 924 retinuerunt;

207 941 254 971 ut
271 941 338 971 aut
357 932 455 970 nulli
474 932 663 983 supersint
681 931 728 970 de
746 931 924 981 inimicis,
944 939 1026 980 aut,
1047 932 1115 984 qui
1133 932 1331 984 superfue-

209 995 313 1036 runt,
335 987 409 1025 sint
429 986 659 1024 amicissimi.

263 1040 338 1080 Sed
357 1048 500 1101 tamen,
516 1053 605 1079 cum
623 1040 663 1078 in
675 1039 813 1079 animis
822 1039 1028 1078 hominum
1046 1046 1162 1079 tantae
1174 1039 1330 1080 latebrae

209 1095 286 1134 sint
316 1102 353 1133 et
381 1094 478 1132 tanti
507 1107 686 1140 recessus,
718 1107 929 1145 augeamus
958 1107 1047 1133 sane
1076 1094 1329 1146 suspicionem

209 1156 343 1187 tuam:
385 1147 501 1187 simul
527 1147 630 1186 enim
663 1148 888 1198 augebimus
926 1147 1176 1199 diligentiam.
1221 1149 1329 1188 Nam

209 1203 297 1254 quis
311 1210 367 1240 est
384 1202 559 1240 omnium
574 1209 656 1239 tam
673 1201 829 1252 ignarus
844 1215 988 1249 rerum,
1009 1210 1089 1240 tam
1103 1202 1239 1241 rudis
1228 1215 1269 1241 ιιι
1288 1216 1329 1242 re

209 1256 380 1308 publica,
400 1263 479 1293 tam
505 1255 603 1293 nihil
628 1267 803 1307 unquam
828 1267 898 1294 nec
916 1256 964 1294 de
983 1256 1053 1294 sua
1070 1268 1140 1295 nec
1158 1256 1206 1295 de
1224 1269 1329 1296 com-

208 1310 321 1348 muni
346 1308 467 1348 salute
491 1309 673 1360 cogitans,
695 1309 763 1360 qui
784 1322 861 1347 non
883 1310 1085 1361 intelligat,
1113 1310 1182 1348 tua
1207 1311 1330 1350 salute

208 1364 391 1403 contineri
403 1376 526 1410 suam,
541 1372 635 1401 etex
647 1363 762 1401 unius
773 1361 839 1402 tua
850 1364 929 1402 vita
942 1363 1108 1415 pendere
1118 1365 1294 1403 omnium
1309 1367 1327 1404 ?

210 1417 420 1469 Equidem,
441 1417 489 1455 de
517 1425 555 1455 te
574 1417 653 1455 dies
679 1425 882 1469 noctesque
909 1420 969 1461 (ut
987 1417 1123 1466 debeo)
1143 1419 1327 1470 cogitans,

207 1485 316 1510 casus
335 1471 523 1510 duntaxat
541 1471 745 1519 humanos,
773 1479 810 1510 et
827 1472 988 1510 incertos
1006 1479 1163 1510 eventus
1181 1473 1329 1512 valetu-

206 1525 320 1572 (111115,
341 1533 379 1564 et
401 1533 548 1564 naturae
574 1525 790 1564 communis
814 1523 1076 1576 fragilitatem,
1097 1526 1326 1566 extimesco:

206 1579 406 1641 doleoque,
420 1591 508 1617 cum
523 1579 736 1645 respublica
745 1579 973 1618 immortalis
987 1593 1065 1619 esse
1079 1580 1229 1627 debeat,
1243 1593 1328 1620 eam

208 1634 250 1671 in
268 1633 383 1671 unius
407 1633 578 1671 mortalis
601 1633 731 1671 31111113
749 1634 960 1672 consistere.
997 1634 1039 1673 Si
1058 1647 1159 1681 vero,
1180 1634 1229 1672 ad
1253 1634 1329 1673 hu-

206 1699 340 1725 manos
355 1699 475 1735 casuS,
495 1687 733 1738 incertosque
746 1696 903 1726 eventus
921 1687 1163 1736 valetudinis,
1180 1688 1329 1728 sceleris

205 1741 318 1780 etiam
332 1740 482 1779 accedat
493 1741 795 1793 insidiarumque
808 1754 1003 1780 consensio
1016 1756 1028 1788 ς
1048 1754 1165 1793 quem
1180 1741 1327 1791 Deum,

207 1795 239 1833 si
257 1794 400 1846 cupiat,
420 1794 599 1845 opitulari
617 1807 727 1845 posse
740 1795 958 1847 reipublicae
977 1796 1175 1834 credamus
1189 1798 1208 1835 ,9

262 1848 388 1887 VIII.
418 1848 564 1887 Omnia
585 1855 675 1886 sunt
693 1848 894 1888 excitanda
912 1849 996 1897 tibi,
1013 1850 1058 1889 C.
1080 1850 1221 1898 Caesar,
1241 1850 1326 1898 uni,

209 1916 297 1955 quae
312 1903 436 1951 jacere
455 1902 583 1949 sentis,
610 1902 701 1940 belli
726 1902 845 1954 ipsius
863 1903 1010 1955 impetu
1030 1904 1152 1956 (quod
1177 1916 1327 1943 necesse

205 1957 298 2004 fuit)
316 1956 489 2008 perculsa
507 1964 621 2007 atque
646 1963 859 2007 prostrata·
891 1957 1153 1997 constituenda
1167 1957 1326 2007 judicia,

205 2009 416 2050 revocanda
433 2009 540 2058 fides,
560 2009 856 2061 comprimendae
873 2011 1066 2060 libidines,
1079 2011 1327 2064 propaganda

205 2064 375 2104 soboles·
407 2064 551 2111 omnia,
575 2077 663 2115 quae
687 2063 867 2115 dilapsa
851 2078 935 2114 Jam
957 2065 1167 2113 fluxerunt,
1191 2065 1328 2104 severis

202 2118 352 2168 legibus
363 2117 561 2156 vincienda
572 2124 674 2155 sunt.
699 2118 792 2155 Non
803 2118 877 2157 fuit
887 2119 1179 2168 recusandum,
1166 2131 1208 2157 m
1220 2125 1328 2158 tanto

203 2171 307 2212 civili
324 2171 440 2218 bello,
461 2178 643 2224 tantoque
667 2171 885 2211 animorum
904 2173 1037 2212 ardore
1056 2181 1094 2211 et
1111 2185 1324 2222 armorum,

204 2225 298 2278 quin
324 2232 502 2277 quassata
530 2225 756 2278 respublica,
786 2226 1022 2279 quicumque
1048 2227 1140 2267 belli
1168 2234 1326 2267 eventus
