1555 2433
365 94 480 135 PRO
510 93 720 133 BALBO.
752 93 857 133 CAP.
887 95 951 133 26.
1161 97 1214 134 25

103 215 242 255 meque
260 202 392 251 dubia,
412 203 537 241 multo
555 209 593 240 et
606 202 732 253 plura,
749 208 786 239 et
804 215 827 240 a
844 202 1019 253 pluribus
1037 202 1218 254 peritissi-

102 257 189 304 mis,
210 269 288 295 esse
312 257 425 302 dicta,
446 269 565 307 quam
583 269 642 294 res
666 255 886 306 postularet.
917 256 992 295 Sed
1010 256 1049 293 id
1071 257 1217 295 factum

103 318 172 357 est,
192 323 266 348 non
286 318 331 349 ut
351 310 454 349 vobis
479 323 561 348 rem
579 318 659 347 tam
684 309 924 360 perspicuam
950 309 1108 348 dicendo
1127 323 1216 361 pro-

100 365 291 409 baremus,
322 377 455 402 verum
481 371 526 402 ut
550 363 725 402 omnium
749 363 1039 411 malevolorum,
1065 364 1216 415 iniquo-

101 430 204 464 rum,
223 417 441 456 invidorum
453 417 600 456 animos
618 416 877 468 frangeremus
894 431 904 454 x
936 430 1030 468 quos
1044 424 1088 454 ut
1106 430 1218 455 accu-

103 478 202 509 sator
220 471 448 520 incenderet,
468 479 513 509 ut
541 470 661 522 aliqui
679 483 868 508 sermones
886 471 1105 519 hominum,
1127 471 1218 509 alie-

102 524 162 562 nis
180 525 289 563 bonis
303 525 561 573 moerentium,
583 524 697 563 etiam
717 524 767 562 ad
785 532 926 563 vestras
945 538 1053 563 aures
1067 538 1219 576 perma-

103 585 251 626 narent,
272 586 309 617 et
326 579 367 616 in
384 579 527 628 judicio
545 579 628 630 ipso
646 578 917 626 redundarent,
936 578 1074 617 idcirco
1091 579 1159 616 illa
1177 578 1218 617 in

103 632 210 670 omni
227 639 334 683 parte
345 633 523 671 orationis
543 632 695 671 summa
714 640 793 682 arte
808 632 983 683 adspergi
1004 632 1186 670 videbatis
1203 646 1216 678 ;

105 691 191 723 tum
209 687 411 737 pecuniam
431 687 478 724 L.
500 686 680 734 Cornelii,
702 700 789 737 quae
806 699 931 737 neque
949 686 1134 724 invidiosa
1148 693 1217 734 est,

105 746 156 786 et,
188 747 497 791 quantacumque
526 747 595 788 est,
621 739 809 789 ejusmodi
833 747 903 788 est,
930 746 975 776 ut
1002 746 1220 778 conservata

103 794 227 844 magis
246 807 363 844 quam
382 801 551 845 correpta
573 807 650 832 esse
669 793 866 838 videatur;
896 800 982 831 tum
1007 793 1218 841 luxuriam,

106 859 207 897 quae,
227 860 304 885 non
323 848 479 886 crimine
497 847 626 899 aliquo
644 847 826 894 libidinis,
843 847 910 885 sed
928 847 1124 885 communi
1137 860 1221 885 ma-

104 900 257 949 ledicto,
277 903 505 947 notabatu13
536 909 620 938 tum
639 901 922 947 Tusculanum,
944 901 1047 951 quod
1066 900 1117 948 Q.
1132 901 1222 939 Me-

105 953 187 991 telli
204 954 319 993 fuisse
332 955 572 1002 meminerat,
589 962 626 992 et
643 955 692 992 L.
709 954 859 999 Crassi3
887 954 1068 992 Crassum
1088 954 1223 993 emisse

108 1007 156 1045 de
173 1008 349 1047 libertino
367 1009 536 1056 homine,
564 1008 729 1047 Soterico
759 1008 922 1057 Marcio,
944 1008 992 1046 ad
1014 1008 1224 1046 Metellum

107 1062 321 1112 pervenisse
345 1062 392 1100 de
417 1062 584 1101 Venonii
606 1062 776 1100 Vindicii
798 1062 921 1110 bonis,
948 1074 1025 1100 non
1044 1063 1221 1100 tenebat:

108 1114 224 1152 simul
235 1115 332 1153 illud
343 1116 543 1165 nesciebat,
553 1116 783 1167 praediorum
791 1116 939 1154 nullam
953 1129 1030 1154 esse
1041 1124 1194 1167 gentem
1208 1129 1221 1161 ;

111 1169 341 1207 emtionibus
366 1183 410 1208 ea
436 1171 552 1209 solere
571 1183 669 1221 saepe
693 1170 742 1208 ad
761 1170 901 1208 alienos
919 1170 1106 1217 homines,
1127 1183 1226 1221 saepe

109 1222 160 1260 ad
177 1222 342 1271 infimos,
358 1236 435 1262 non
453 1225 614 1275 legibus,
628 1231 828 1274 tamquam
846 1224 997 1271 tutelas,
1017 1224 1224 1274 pervenire.

166 1275 373 1325 objectum
403 1285 459 1316 est
483 1278 612 1325 etiam,
637 1277 740 1328 quod
764 1278 805 1314 in
834 1277 979 1314 tribum
1009 1277 1228 1315 Crustumi-

111 1340 203 1367 nam
221 1331 456 1380 pervenerit3
487 1331 591 1383 quod
608 1331 671 1369 hic
689 1338 880 1368 assecutus
899 1338 954 1368 est
971 1330 1065 1380 legis
1079 1330 1126 1368 de
1145 1343 1228 1368 am-

112 1381 198 1420 bitu
217 1384 387 1434 praemio,
403 1385 532 1423 minus
546 1384 746 1432 invidioso,
760 1397 877 1435 quam
897 1384 965 1434 qui
982 1384 1113 1435 legum
1132 1397 1229 1435 prae-

114 1435 202 1474 miis
235 1438 451 1487 praetoriam
481 1438 719 1485 sententiam,
755 1445 792 1476 et
826 1444 1051 1488 praetextam
1083 1445 1227 1488 togam,

115 1498 410 1541 consequuntur.
441 1492 495 1530 Et
526 1491 678 1543 adoptio
709 1491 956 1542 Theophanis
976 1491 1118 1543 agitata
1147 1498 1228 1538 est;

115 1556 182 1596 per
212 1558 330 1596 quam
349 1545 549 1584 Cornelius
572 1546 670 1583 nihil
695 1552 763 1593 est,
794 1553 1048 1596 praeterquam
1074 1545 1232 1597 propin-

116 1611 282 1650 quorum
301 1612 457 1638 suorum
475 1599 726 1647 haereditates,
746 1606 949 1638 assecutus.

171 1652 332 1691 XXVI.
346 1653 598 1706 Quamquam
617 1653 776 1692 istorum
792 1653 952 1701 animos,
969 1652 1037 1704 qui
1050 1652 1123 1704 ipsi
1139 1652 1234 1691 Cor-

117 1706 218 1744 nelio
235 1707 420 1755 invident,
439 1720 516 1746 non
535 1715 590 1746 est
608 1707 878 1746 difficillimum
892 1707 1079 1758 mitigare.
1117 1706 1232 1745 More

119 1759 320 1798 hominum
328 1761 514 1810 invident,
526 1762 567 1800 in
580 1761 758 1800 conviviis
770 1761 924 1810 rodunt,
939 1761 980 1798 in
992 1760 1140 1799 circulis
1154 1761 1233 1799 vel-

119 1812 237 1852 licant
253 1829 263 1852 :
293 1827 370 1853 non
399 1816 466 1854 illo
495 1815 663 1863 inimico,
695 1816 760 1854 sed
788 1816 860 1854 hoc
889 1815 1088 1863 maledico,
1120 1814 1233 1853 dente

121 1875 293 1918 carpunt.
323 1868 405 1916 Qui
416 1870 546 1908 amicis
562 1870 609 1908 L.
631 1869 798 1908 Cornelii
809 1876 876 1907 aut
892 1869 1038 1907 inimici
1050 1875 1152 1915 sunt,
1166 1874 1233 1906 aut

122 1920 308 1969 invident,
330 1922 372 1959 hi
391 1931 479 1961 sunt
495 1923 586 1962 huic
603 1924 728 1962 multo
753 1923 1013 1962 vehementius
1036 1922 1234 1974 pertimes-

125 1975 261 2013 cendi:
292 1988 383 2014 nam
416 1977 508 2016 huic
526 1977 717 2038 quidem
707 1977 780 2029 1psi
799 1977 884 2029 quis
910 1984 965 2015 est
982 1988 1156 2027 unquam
1174 1975 1234 2012 in-

125 2034 261 2067 ventus
279 2029 486 2070 inimicus?
515 2039 582 2069 aut
600 2031 687 2083 quis
713 2033 798 2080 jure
817 2043 897 2070 esse
914 2030 1073 2082 potuit?
1103 2028 1233 2076 Quem

125 2082 272 2120 bonum
290 2095 366 2122 non
385 2084 536 2123 coluit?
565 2087 674 2135 cujus
698 2085 862 2123 fortunae
886 2083 1138 2135 dignitatique
1155 2094 1233 2119 non

126 2136 337 2175 concessit?
366 2137 581 2177 versatus·
570 2151 611 2176 111
632 2138 770 2177 intima
787 2138 1044 2177 familiaritate
1067 2134 1234 2174 hominis

127 2189 392 2238 potentissimi,
411 2192 452 2230 in
473 2192 654 2233 maximis
674 2192 810 2234 nostris
833 2192 946 2233 malis
964 2198 1079 2244 atque
1096 2189 1235 2229 discor-

178 2243 329 2291 (Οιειτ.)
359 2256 462 2285 vor.
485 2257 548 2284 n.
932 2255 963 2283 1)
