1509 2397
339 75 454 115 PRO
483 74 731 113 MILONE.
764 74 870 112 Cir.
906 74 968 118 17.
1167 75 1217 118 97

104 184 222 224 etiam
240 196 343 222 nunc
360 197 446 222 reus
466 190 522 222 est
539 183 645 232 facti,
661 191 729 221 aut
747 182 933 234 praeclari,
955 190 1021 220 aut
1041 190 1138 220 certe
1157 194 1223 219 ne-

104 232 278 278 cessa'rii:
308 251 357 276 an
387 238 427 275 in
451 237 620 276 Clodio?
650 237 718 288 qui
742 238 796 274 ita
821 236 967 286 judicia
992 248 1222 288 poenamque

100 299 363 339 contemserat,
385 299 428 329 ut
458 305 548 329 eum
574 291 672 329 nihil
696 291 911 337 delectaret,
940 290 1044 342 quod
1069 298 1137 328 aut
1155 303 1222 342 per

98 353 275 384 naturam
293 346 351 384 fas
370 353 478 393 esset,
494 353 561 383 aut
578 359 646 397 per
663 346 766 396 leges
785 344 926 383 liceret.

156 400 232 439 Sed
249 400 344 452 quid
372 413 442 451 ego
467 402 743 449 argumentor?
775 399 869 450 quid
894 399 1007 450 plura
1036 398 1220 449 disputo?

102 454 176 502 Te,
198 453 250 501 Q.
273 454 416 502 Petilli,
434 454 598 506 appello,
628 453 819 505 optimum
840 461 876 491 et
899 452 1150 491 fortissimum
1171 453 1224 491 ci-
1274 480 1277 481 γ

102 521 190 548 vem
205 522 218 554 ;
239 516 290 554 te,
311 509 373 546 M.
391 508 500 555 Cato,
515 516 630 546 testor
645 522 656 553 ;
678 520 774 559 quos
787 507 885 545 mihi
897 507 1025 545 divina
1044 507 1223 558 quaedam

103 575 182 600 sors
216 562 322 600 dedit
351 562 508 612 judices.
549 562 632 600 Vos
663 575 711 600 ex
748 561 808 599 M.
843 561 1013 599 Favonio
1046 561 1221 609 audistis,

105 616 286 654 Clodium
308 617 380 654 sibi
397 617 550 662 dixisse,
578 624 615 654 et
633 616 807 664 audistis,
835 616 921 654 vivo
954 615 1103 663 Clodio,
1138 629 1224 667 per-

102 669 249 708 iturum
269 671 461 709 Milonem
480 670 617 708 triduo.
649 671 742 708 Post
753 670 855 708 diem
867 669 1023 708 tertium
1042 678 1148 721 gesta
1165 683 1226 708 res

104 732 174 771 est,
195 738 314 776 quam
339 725 500 763 dixerat.
531 725 634 763 Cum
658 724 724 762 ille
753 737 830 762 non
853 724 1043 762 dubitaret
1063 724 1222 775 aperire,

106 778 201 830 quid
218 779 413 830 cogitaret,
433 792 499 817 vos
517 778 672 830 potestis
691 778 881 826 dubitare,
902 778 996 830 quid
1014 778 1144 816 fecerit
1159 781 1176 817 Ρ

159 832 304 871 XVII.
334 833 677 881 Quemadmodum
688 833 805 883 igitur
824 846 913 871 eum
926 832 1004 870 dies
1019 845 1096 870 non
1115 832 1226 870 fefel-

105 886 182 925 lit?
212 886 294 925 dixi
313 887 488 939 equidem
510 887 636 925 modo.
667 886 875 925 Dic-tatoris
899 886 1095 925 Lanuvini
1125 895 1224 925 stata

103 941 284 979 sacrificia
305 944 430 989 nosse,
444 941 586 992 negotii
598 941 695 978 nihil
714 948 804 979 erat.
835 941 961 988 Vidit,
978 953 1125 979 11000550
1145 954 1225 979 0550

105 994 263 1044 Miloni,
283 995 469 1047 proficisci
488 995 712 1034 Lanuvium
735 994 831 1033 illo
820 1008 917 1046 lpso‚
939 1008 1016 1047 quo
1035 995 1225 1047 profectus

103 1056 174 1096 est,
189 1049 270 1088 die:
300 1050 429 1112 itaqne
443 1050 654 1088 antevertit.
679 1050 738 1087 At
757 1062 835 1101 quo
850 1049 942 1088 die?
964 1063 1041 1110 quo
1062 1052 1122 1092 (ut
1136 1058 1224 1088 ante

101 1103 230 1151 dixi)
220 1104 459 1142 msanissima
473 1104 603 1142 concio
622 1104 695 1142 ab
685 1104 804 1155 1psius
818 1104 1050 1142 mercenario
1070 1104 1224 1142 tribuno

101 1158 224 1210 plebis
233 1166 287 1197 est
299 1159 501 1197 concitata.
524 1171 641 1210 quem
653 1158 755 1196 diem
767 1158 845 1206 1110,
860 1171 975 1209 (1113111
988 1158 1222 1205 concionem,

103 1225 199 1264 (11105
219 1213 417 1262 clamores,
438 1213 511 1250 nisi
530 1213 579 1251 ad
597 1212 808 1264 cogitatum
828 1213 975 1251 facinus
995 1226 1225 1264 appropera-

102 1273 173 1314 ret,
190 1278 393 1318 nunquam
413 1267 638 1318 reliquisset.
668 1266 775 1317 Ergo
793 1266 851 1304 illi
869 1280 917 1304 ne
936 1279 1048 1304 031153
1067 1266 1224 1317 quidem
1271 1304 1273 1306 .

102 1319 262 1368 itineris,
279 1322 394 1359 etiam
406 1334 519 1359 031153
530 1320 711 1358 manendi
725 1334 734 1357 ε
764 1320 909 1359 Miloni
922 1320 1103 1358 manendi
1117 1321 1226 1358 nulla
1284 1346 1286 1349 -

102 1373 280 1435 facultas,
302 1374 469 1413 exeundi
487 1387 565 1412 non
584 1387 699 1412 causa
717 1374 859 1424 solum,
879 1373 946 1413 sed
964 1375 1080 1413 etiam
1099 1386 1227 1413 neces-

102 1428 193 1466 sitas
212 1427 299 1466 fuit.

156 1482 298 1530 Quid?
328 1482 374 1530 51,
401 1490 446 1521 ut
467 1483 532 1521 ille
558 1482 678 1530 scivit,
703 1482 896 1521 Milonem
922 1482 1004 1522 fore
1026 1496 1070 1521 eo
1096 1482 1158 1521 die
1184 1482 1228 1521 in

101 1535 179 1583 νιὲ,
199 1536 254 1575 510
273 1536 455 1575 Clodium
474 1537 577 1575 Milo
595 1549 644 1575 ne
663 1537 845 1598 suspicari
864 1537 1021 1602 quidem
1039 1537 1189 1589 potuit.
1179 1539 1196 1565 ¹³

154 1590 335 1629 Primum
347 1604 490 1643 quaero,
507 1592 576 1643 qui
591 1591 685 1629 scire
696 1591 896 1643 potuerit?
926 1591 1030 1643 (111οᾱ
1042 1605 1108 1630 vos
1121 1591 1226 1629 idem

101 1644 143 1683 in
165 1644 304 1684 Clodio
329 1659 497 1697 quaerere
523 1658 600 1683 non
619 1645 785 1697 potestis.
816 1645 873 1684 Ut
898 1646 1001 1684 enim
1029 1645 1226 1684 neminem

102 1698 239 1748 alium,
260 1699 335 1738 nisi
353 1700 404 1738 T.
427 1699 621 1747 patinam,
651 1699 994 1738 familiarissimum
1014 1713 1143 1748 suum,
1164 1713 1226 1738 ro·

103 1753 242 1804 835501,
263 1754 356 1792 50110
372 1754 514 1806 potuit,
533 1754 601 1792 illo
623 1754 707 1806 ipso
725 1754 786 1793 die
805 1754 975 1793 Lanuvii
997 1767 1020 1792 a
1045 1754 1226 1793 dictatore

104 1807 256 1846 Milone
273 1808 386 1859 prodi
409 1808 607 1847 flaminem
632 1821 781 1847 necesse
800 1821 889 1847 esse.
919 1808 996 1847 Sed
1015 1816 1122 1846 erant
1139 1821 1228 1860 per-

104 1861 220 1900 multi
239 1862 319 1910 alii,
339 1875 389 1901 ex
413 1862 555 1914 quibus
583 1862 624 1900 id
643 1862 825 1901 facillime
850 1863 943 1901 scire
961 1870 1113 1915 posset3
1143 1875 1230 1901 om-

104 1926 172 1954 nes
201 1916 342 1955 scilicet
370 1916 578 1955 Lanuvini.
609 1917 711 1955 Milo
741 1917 788 1956 de
816 1916 942 1956 Clodii
969 1917 1095 1955 reditu
1123 1916 1229 1956 unde

105 1970 280 2021 quaesivit
290 1970 308 2007 ἲ
334 1971 539 2019 Quaesierit
551 1984 662 2009 sane:
686 1971 825 2019 videte,
837 1971 932 2023 quid
943 1972 1050 2010 vobis
1060 1971 1225 2023 1318131.
1214 1985 1225 1994 ·

107 2036 161 2061 ⁵⁴³¹
175 2037 180 2062 ⁵
195 2037 262 2117 ³¹¹²..
278 2025 1230 2119 εῗῳὲἲὲῇῒαῗηῗὲἓῖἒῗὲἳέἐαῗῐῶἒῖ

61 2110 66 2116 .
106 2089 391 2183 ἓρὸἒειῃὶἓξζ
412 2142 666 2185 cognomento
690 2135 815 2183 Scola,
836 2134 1094 2183 Interamnas,
1113 2133 1229 2172 fami-

105 2183 344 2234 liarissimus,
364 2195 402 2226 et
419 2188 523 2226 idem
542 2202 667 2229 comes
683 2189 729 2228 P.
747 2188 889 2238 Clodii,
910 2189 1037 2238 (cujus
1067 2187 1228 2239 jampri-

159 2239 312 2289 (Orat.)
339 2253 368 2280 1
373 2253 446 2281 01..
470 2253 531 2281 tv,
928 2254 955 2280 x
