1509 2397
317 89 656 128 PHILIPPICA
678 89 802 128 VIII.
833 89 938 128 Cim.
958 91 996 134 7.
1135 91 1232 128 313-

102 197 155 235 sis
171 197 343 245 acerbus,
356 198 460 245 Fufi,
480 209 558 236 non
578 197 706 235 animo
726 210 835 249 aequo
847 198 973 235 audio.
1003 196 1218 249 Quousque

104 251 206 288 enim
219 251 436 290 Massiliam
454 250 695 303 oppugnabis
706 251 724 287 '?
753 252 793 289 N
798 264 817 289 e
830 251 1048 302 triumphus
1061 251 1218 302 quidem

101 304 217 355 finem
237 304 325 343 fecit
343 306 433 344 belli
445 306 463 342 ?
492 319 559 356 per
574 318 690 356 quem
708 306 787 342 lata
801 313 856 342 est
874 306 964 343 urbs
978 318 1034 351 ea,
1049 306 1128 343 sine
1141 306 1220 356 qua

99 370 300 409 nunquam
329 373 376 397 ex
402 359 668 410 Transalpinis
698 359 878 410 gentibus
906 360 1070 407 majores
1100 360 1220 398 nostri

99 412 397 463 triumpharunt.
427 414 517 461 Quo
530 413 686 464 quidem
702 422 871 464 tempore
889 413 1055 463 populus
1070 413 1218 450 Roma-

97 478 172 504 nus
189 466 388 517 ingemuit.
410 468 662 518 Quamquam
675 467 776 505 enim
788 466 960 518 proprios
972 466 1118 504 dolores
1131 479 1227 504 sua--

97 533 186 558 rum
205 533 333 558 rerum
352 534 484 559 omnes
508 521 727 565 habebant3
757 529 887 558 tamen
915 520 1034 569 hujus
1059 520 1220 558 cixitatis

100 574 329 619 fidelissimae
346 575 529 622 miserias,
549 588 662 613 nemo
677 583 756 612 erat
774 574 879 620 civis,
896 574 964 625 qui
983 587 1005 611 a
1025 587 1062 611 se
1077 574 1218 612 alienas

100 628 356 666 arbitraretur.
387 629 513 667 Caesar
531 629 626 680 ipse,
648 629 716 680 qui
736 628 808 666 illis
834 629 959 665 fuerat
977 628 1218 674 iratissimus,

100 689 244 730 tamen,
265 691 418 734 propter
437 684 668 734 singularem
699 684 780 732 ejus
810 682 970 721 civitatis
992 681 1218 732 gravitatem

101 744 138 774 et
169 736 300 784 fidem,
334 737 504 788 quotidie
523 737 670 788 aliquid
687 736 893 775 iracundiae
911 736 1151 773 remittebat:
1183 744 1221 773 te

100 790 209 828 nulla
229 792 297 829 sua
317 792 530 829 calamitate
545 791 673 829 civitas
689 791 823 828 satiare
839 799 918 828 tam
930 789 1053 827 fidelis
1064 797 1188 840 potest
1200 790 1219 826 ‚⁹

103 844 254 882 Rursus
273 857 336 882 me
351 846 433 894 jam
452 845 560 883 irasci
578 844 735 882 fortasse
753 845 865 882 dices.
894 844 981 894 Ego
994 851 1122 881 autem
1139 844 1220 882 sine

100 898 295 937 iracundia
324 898 421 946 dico,
453 909 498 936 ut
523 899 665 945 omnia,
700 911 769 936 nec
799 907 928 936 tamen
958 898 1038 935 sine
1063 897 1190 935 dolore
1203 912 1216 935 ι

103 952 313 991 Neminem
345 953 403 990 illi
433 952 575 991 civitati
603 952 802 990 inimicum
836 965 914 990 esse
946 952 1120 998 arbitror,
1150 951 1219 1002 qui

101 1006 246 1044 amicus
276 1007 324 1044 sit
352 1007 442 1045 huic
471 1007 624 1045 civitati.
663 1006 908 1057 Excogitare,
935 1019 1022 1056 quae
1040 1014 1107 1043 tua
1125 1005 1222 1043 ratio

101 1060 163 1107 sit,
185 1059 341 1107 Calene,
361 1074 438 1099 non
457 1073 624 1113 possum.
654 1064 785 1098 Antea
803 1060 987 1097 deterrere
1006 1068 1057 1105 te,
1083 1071 1132 1097 ne
1149 1072 1219 1110 po-

101 1114 245 1165 pularis
264 1128 374 1163 esses,
401 1128 479 1153 non
508 1123 755 1166 poteramus,
745 1128 754 1137 ·
785 1126 887 1152 nunc
906 1126 1076 1161 exorare,
1105 1121 1149 1151 ut
1169 1113 1221 1156 sis

99 1168 309 1235 popularis,
328 1181 405 1207 non
423 1182 640 1221 possumus.

156 1223 256 1261 Satis
274 1223 398 1261 multa
416 1236 506 1261 cum
524 1223 652 1271 Fufio,
673 1235 716 1260 ac
736 1221 815 1260 sine
833 1222 920 1260 odio
945 1221 1088 1268 omnia,
1119 1220 1221 1258 nihil

101 1276 180 1315 sine
199 1276 338 1316 dolore.
369 1277 492 1315 Credo
520 1285 664 1321 autem,
688 1277 798 1327 quio
775 1276 903 1314 ueneri
921 1276 1117 1326 querelam
1134 1287 1220 1313 mo-

100 1330 227 1369 derate
246 1331 354 1377 ferat,
376 1345 486 1382 aequo
504 1331 632 1369 animo
650 1332 820 1368 laturum
839 1330 964 1368 amici.

155 1384 256 1423 VII.
286 1385 411 1423 Venio
430 1398 532 1423 nunc
551 1385 600 1422 ad
619 1385 783 1435 reliquos
803 1384 1030 1431 consulares,
1051 1396 1218 1434 quorum

102 1446 158 1478 est
175 1451 303 1486 neme,
336 1443 350 1482 (
356 1440 442 1488 jure
460 1439 531 1477 hoc
550 1451 636 1477 meo
655 1439 754 1484 dico)
786 1437 853 1489 qui
881 1450 958 1475 non
977 1450 1129 1475 mecum
1149 1436 1220 1475 ha-

101 1494 188 1537 beat
206 1494 376 1544 aliquam
396 1493 700 1543 conjunctionem
719 1492 874 1543 gratiae3
905 1491 970 1529 alii
988 1491 1221 1538 maximam,

101 1547 166 1585 alii
184 1547 428 1592 mediocrem,
448 1559 562 1585 nemo
581 1547 741 1584 nullam.
772 1546 903 1593 Quam
922 1546 1120 1583 hesternus
1138 1545 1220 1583 dies

99 1601 210 1644 nobis
229 1601 519 1646 (consularibus,
540 1600 643 1650 dico)
664 1600 785 1651 turpis
809 1599 964 1637 illuxit!
996 1600 1144 1636 Iterum
1163 1599 1220 1636 le-

100 1655 236 1706 gatos?
266 1655 406 1703 Quid?
434 1655 499 1693 ille
512 1655 651 1693 faceret
668 1654 860 1692 inducias.
850 1654 868 1676 9
896 1654 1003 1691 Ante
1022 1653 1218 1690 consulem

99 1710 304 1761 oculosque
331 1710 560 1761 legatorum,
594 1708 791 1747 tormentis
821 1707 1021 1745 Mutinam
1046 1707 1222 1745 verbera-

99 1763 177 1801 vit:
209 1777 304 1815 opus
336 1764 570 1810 ostendebat,
603 1762 948 1824 munitionemque,
980 1760 1139 1811 legatis:
1169 1773 1220 1798 ne

98 1826 288 1869 punctum
307 1817 463 1869 quidem
482 1817 676 1868 temporis,
697 1829 786 1855 cum
810 1815 927 1867 legati
943 1815 1133 1861 adessent,
1149 1827 1219 1865 op-

98 1872 284 1923 pugnatio
303 1871 511 1923 respiravit.
551 1871 620 1909 Ad
637 1871 742 1909 hunc
758 1870 930 1921 legatos?
964 1869 1069 1907 Cur.
1058 1868 1075 1893 9
1104 1880 1154 1905 an
1173 1874 1225 1905 ut

99 1937 232 1970 eorum
251 1925 375 1964 reditu
396 1925 656 1964 vehementius
674 1924 967 1976 pertimescatis.
956 1923 974 1946 9

154 1979 364 2031 Equidem,
385 1992 475 2018 cum
493 1988 604 2017 antea
622 1979 765 2029 legatos
790 1978 939 2016 decerm
957 1989 1034 2015 non
1054 1974 1222 2014 censuis-

102 2045 194 2081 sem,
211 2034 283 2071 hoc
296 2046 359 2071 me
374 2040 502 2072 tamen
515 2034 746 2080 consolabar,
764 2032 881 2083 quod,
897 2044 986 2069 cum
1001 2030 1059 2067 illi
1073 2031 1120 2067 ab
1133 2032 1223 2066 An-

102 2086 207 2124 tonio
226 2087 407 2125 contemti
425 2095 462 2126 et
479 2087 611 2137 rejecti
629 2086 879 2132 revertissent,
893 2085 1152 2135 dixissentque
1164 2096 1223 2121 se-

105 2140 228 2189 natui,
237 2152 312 2178 non
321 2141 436 2180 modo
447 2141 560 2182 illum
569 2154 589 2180 e
598 2141 727 2179 Gallia
736 2152 812 2179 non
828 2138 1049 2185 discessisse,
1064 2137 1121 2175 uti
1133 2148 1225 2175 cen-

161 2194 312 2243 (Orat.)
333 2206 438 2234 vor..
461 2207 524 2232 lv.
876 2194 901 2231 2
921 2203 950 2231 Ε
