1509 2397
387 87 725 128 PHILIPPICA
756 86 830 125 VI.
862 86 967 126 Cip.
998 90 1035 132 7.
1186 90 1262 128 295

153 198 249 238 meis
265 198 413 238 civibus
427 199 446 235 Ρ
475 210 551 236 11011
571 197 650 236 dies
668 203 872 246 noctesque
883 196 930 234 de
945 197 1068 234 vestra
1080 197 1267 243 libertate,

152 253 201 291 de
219 253 437 304 reipublicae
448 253 582 298 salute,
596 251 757 303 cogitem
772 253 790 289 ἓ
819 250 927 296 Quid
946 250 1049 288 enim
1063 264 1138 289 non
1153 251 1271 289 debeo

155 307 276 353 vobis,
298 306 481 354 Quirites,
510 319 627 357 quem
657 317 736 353 vos,
765 317 787 341 a
817 317 856 341 se
881 314 1023 352 ortum,
1050 305 1272 343 hominibus

154 360 414 406 nobilissimis,
445 360 626 398 omnibus
658 358 882 436 bonoribuS,
921 359 1169 409 praetulistis?
1205 360 1274 396 An

155 414 329 466 ingratus
354 415 470 453 sum?
500 414 585 469 quis
613 412 774 451 minus?
804 412 884 463 qui,
914 413 1038 474 partis
1052 413 1275 460 honoribus,

155 469 309 507 eosdem
341 469 522 520 gesserim
545 467 586 505 in
616 466 697 506 foro
717 467 879 511 labores,
907 469 1002 527 q'uos
1027 467 1068 504 in
1093 467 1277 528 petendis.

159 523 287 561 Rudis
317 522 358 560 in
386 523 616 574 republica?
657 522 742 573 quis
756 521 1023 559 exercitatior?
1056 521 1125 572 qui
1143 521 1278 572 xiginti

153 578 240 627 jam
260 588 378 615 annos
397 578 544 615 bellum
562 589 693 627 geram
713 588 802 613 cum
821 575 949 626 impiis
969 575 1125 614 civibus.

213 631 253 669 V
256 631 314 669 II.
344 631 624 679 Quamobrem,
657 630 843 678 Quirites,
881 629 1052 679 consilio,
1091 637 1282 681 quantum

162 693 308 737 potero,
340 685 483 733 labore,
510 685 598 737 plus
627 697 736 737 paene
759 696 878 735 quam
907 691 1052 744 potero,
1086 685 1283 722 excubabo

161 739 405 791 vigilaboque
427 753 496 791 pro
526 739 643 778 vobis.
673 739 832 777 Etenim
862 738 948 789 quis
967 746 1022 776 est
1041 738 1146 786 civis,
1172 741 1286 789 (prae-

162 793 294 831 sertim
311 794 383 832 hoc
400 794 537 845 gradu,
558 806 635 855 quo
653 805 718 831 me
735 807 759 831 v
761 806 802 831 os
820 805 903 832 8558
916 792 1104 840 voluistis)
1125 801 1205 830 tam
1219 793 1286 830 ob-

164 847 258 886 litus
275 848 449 886 beneficii
468 848 594 886 vestri.
616 855 696 885 tam
714 848 918 885 immemor
944 847 1095 908 patriae,
1115 854 1196 884 13111
1225 847 1286 884 111-

163 901 301 940 111118115
319 901 514 953 dignitatis
533 916 625 950 suae,
647 915 764 953 quem
782 913 859 941 non
872 902 1022 947 excitet,
1039 914 1116 939 non
1135 901 1288 939 inflam-

164 963 260 1004 met,
286 963 416 995 tantus
434 956 505 995 iste
523 964 644 995 vester
662 969 866 994 consensus
880 958 898 994 ?
929 956 1080 994 Multas
1108 968 1289 1007 magnas-

166 1023 243 1061 que
274 1010 395 1049 habui
422 1012 554 1051 consul
583 1010 805 1055 conciones;
835 1010 969 1050 multis
985 1010 1168 1048 interfui:
1199 1009 1289 1047 nul-

166 1064 248 1102 lam
277 1077 452 1116 unquam
477 1065 556 1103 vidi
583 1072 746 1113 tantam,
771 1072 916 1117 quanta
940 1076 1043 1102 nunc
1073 1072 1197 1103 vestra
1220 1070 1289 1102 est.

168 1119 307 1157 Unum
337 1119 483 1157 sentitis
512 1132 658 1167 omnes,
690 1131 816 1157 unum
846 1118 1018 1167 studetis,
1043 1118 1104 1156 M.
1124 1118 1290 1157 Antonii

170 1180 352 1215 conatum
371 1181 538 1212 avertere
564 1187 587 1212 a
604 1173 815 1225 republica,
838 1173 1008 1211 furorem
1034 1170 1289 1223 exstinguere,

171 1226 388 1277 opprimere
416 1228 627 1266 audaciam.
658 1227 771 1265 Idem
795 1228 929 1265 volunt
951 1240 1083 1265 omnes
1113 1227 1262 1265 ordines
1277 1239 1295 1265 ε’

173 1281 307 1320 eodem
325 1281 556 1320 incumbunt
574 1281 798 1332 municipia,
819 1281 988 1328 eoloniae,
1010 1289 1144 1320 cuncta
1165 1280 1292 1319 Italia.

173 1335 313 1386 Itaque
331 1343 521 1383 senatum,
537 1336 608 1374 sua
626 1344 760 1386 sponte
778 1338 874 1374 bene
892 1334 1064 1384 firmum,
1085 1334 1295 1373 firmiorem

173 1389 300 1427 vestra
318 1390 540 1428 auctoritate
558 1390 709 1428 fecistis.

229 1443 349 1481 Venit
366 1451 532 1495 tempus,
554 1445 740 1493 Quirites,
761 1444 879 1484 serius
897 1445 1054 1483 omnino
1073 1458 1192 1497 quam
1211 1443 1299 1495 dig-

175 1510 273 1535 num
292 1498 436 1560 populo
465 1499 644 1537 Romano
662 1499 750 1547 fuit,
771 1499 849 1538 sed
863 1508 991 1537 tamen
1010 1500 1064 1537 ita
1081 1507 1295 1546 maturum,

178 1561 223 1589 ut
249 1551 392 1590 differri
412 1553 495 1602 jam
518 1553 612 1591 hora
636 1566 714 1592 non
732 1554 862 1606 possit.
893 1554 986 1592 Fuit
1005 1554 1144 1605 aliquis
1170 1552 1299 1591 fatalis

176 1619 299 1652 casuS,
331 1613 376 1644 ut
400 1606 454 1644 ita
478 1606 619 1655 dicam,
651 1621 766 1660 quem
786 1609 972 1670 tulimus,
1004 1621 1159 1660 quoquo
1185 1607 1301 1645 modo

178 1659 359 1698 ferendus
385 1660 487 1699 fuit.
518 1675 634 1709 nunc,
666 1663 700 1701 si
729 1663 814 1725 quis
839 1663 922 1711 erit,
955 1663 1026 1701 erit
1048 1661 1298 1701 voluntarius.

180 1715 380 1766 Populum
406 1716 632 1754 Romanum
658 1719 795 1756 servire
812 1718 870 1756 fas
891 1730 967 1755 non
995 1725 1064 1766 est,
1095 1729 1212 1768 quem
1232 1714 1302 1753 Dii

180 1768 416 1807 immortales
448 1771 627 1809 omnibus
655 1772 834 1823 gentibus
866 1772 1053 1823 imperare
1085 1771 1304 1809 voluerunt,

181 1823 264 1867 Res
282 1823 323 1861 in
351 1831 567 1862 extremum
587 1835 643 1864 est
667 1826 831 1865 adducta
852 1826 1067 1864 discrimen.
1098 1825 1161 1863 De
1189 1824 1307 1862 liber-

179 1884 259 1921 tate
270 1878 494 1917 decernitur.
523 1880 612 1922 Aut
622 1880 792 1928 vincatis,
806 1888 967 1932 oportet,
981 1880 1166 1928 Quirites,
1183 1878 1307 1930 (quod-

184 1933 357 1994 profectq
379 1940 418 1970 et
425 1933 581 1985 pietate
598 1935 737 1983 vestra,
761 1944 798 1974 et
816 1936 924 1973 tanta
943 1934 1156 1981 concordia,
1171 1945 1307 1971 conse-

186 1986 376 2039 quemini)
403 1995 470 2025 aut
495 1988 646 2039 quidvis
675 1990 817 2051 potius,
849 2002 968 2041 quam
994 2001 1076 2028 sen
1077 1987 1174 2026 iatis.
1203 1987 1308 2024 Aliae

188 2041 361 2080 nationes
393 2041 614 2080 servitutem
645 2043 726 2094 pati
755 2057 824 2097 pos
826 2051 942 2083 sunt·
931 2073 943 2092 ,
972 2043 1107 2095 populi
1139 2039 1308 2081 Romani

193 2093 293 2148 [res]
310 2103 367 2135 est
383 2096 538 2149 propria
554 2097 720 2137 libertas.
