1509 2397
383 65 724 109 PHILIPPICA
753 65 874 107 XIV.
901 66 1009 107 CAP.
1031 67 1094 107 13.
1226 68 1304 108 403

170 177 356 218 fuerunt.
385 190 456 218 nec
480 186 612 217 tamen
637 177 729 217 ullis
750 178 827 216 tale
854 190 976 229 genus
997 177 1152 217 honoris
1174 177 1297 217 tribu-

167 240 257 271 tum
276 239 345 271 est.
374 231 508 285 Atque
529 233 681 271 utinam
706 233 854 282 majora
879 245 1092 284 possemuS,
1121 232 1297 284 quando-

165 286 330 339 quidem
357 300 381 326 a
398 288 506 326 vobis
529 287 704 326 maxima
727 287 972 338 accepimus!
1004 288 1086 326 Vos
1112 288 1161 325 ab
1186 287 1296 326 Urbe

161 341 360 380 furentem
389 342 612 381 Antonium
644 341 856 380 avertistis.
886 355 954 380 vos
982 341 1104 380 redire
1132 342 1296 380 molien-

166 402 247 434 tem
270 396 477 448 repulistis.
525 396 614 434 Erit
638 396 759 448 igitur
796 404 988 437 exstructa
1024 397 1145 435 moles
1181 409 1295 448 opere

159 451 384 502 magnifico,
418 451 624 503 incisaeque
656 451 790 498 literae,
829 450 969 489 divinae
999 451 1150 489 virtutis
1183 458 1296 489 testes

166 506 432 557 sempiternae.
462 518 680 558 nunquam,
702 505 750 544 de
769 505 889 552 vobis,
911 519 1043 544 eorum
1065 505 1133 557 qui
1151 514 1219 543 aut
1238 504 1295 543 vi-

162 559 314 599 debunt
331 568 502 599 vestrum
533 560 814 599 monimentum
841 568 908 599 aut
936 559 1106 609 audient,
1127 559 1296 611 gratissi-

165 626 254 653 mus
280 627 407 653 sermo
433 615 666 654 conticescet.
704 615 780 662 Ita,
811 627 881 666 pro
902 614 1057 653 mortali
1080 614 1297 654 conditione

163 668 267 716 vitae,
288 669 618 708 immortalitatem
638 669 727 708 estis
746 669 949 708 consecuti.

218 723 348 762 XIII.
389 724 480 785 Sed,
518 723 718 776 quoniam,
752 732 878 775 patres
915 724 1133 786 conscripti,
1165 722 1297 775 gloriae

164 790 309 817 munus
328 778 484 830 optimis
503 787 540 816 et
565 779 781 817 fortissimis
807 778 953 817 civibus
977 778 1208 817 monimenti
1226 777 1297 816 ho-

163 845 257 871 nore
275 833 517 885 persolvitur,
547 834 789 872 consolemur
813 845 946 871 eorum
968 833 1179 885 proximos,
1209 832 1296 884 qui-

164 888 237 926 bus
256 888 404 939 optima
422 895 478 926 est
502 887 584 926 haec
607 887 766 939 quidem
793 887 1025 932 consolatio;
1056 887 1295 940 parentibus,

163 941 267 994 quod
294 949 402 980 tanta
428 942 648 993 reipublicae
675 941 852 993 praesidia
879 950 1121 1003 genuerunt3
1150 941 1295 988 liberis,

162 995 267 1048 quod
286 996 484 1035 habebunt
496 996 704 1034 domestica
722 996 901 1048 exempla
916 996 1094 1042 virtuti53
1123 995 1298 1047 conjugi-

163 1052 250 1098 bus,
272 1051 406 1102 quod
396 1051 442 1089 115
460 1051 550 1089 viris
568 1052 767 1098 carebunt,
787 1064 888 1112 quos
903 1050 1074 1098 laudare,
1095 1064 1215 1103 quam
1234 1051 1296 1088 lu-

161 1117 266 1157 gere,
286 1105 507 1157 praestabiu
537 1105 733 1153 fratribus,
754 1105 888 1157 quod
878 1118 919 1143 m
939 1118 992 1151 se,
1013 1114 1058 1144 ut
1075 1117 1295 1158 corporum,

164 1160 218 1198 sic
248 1160 451 1208 virtutum,
479 1159 770 1198 similitudinem
799 1172 880 1198 esse
912 1160 1116 1199 confident.
1160 1162 1297 1212 Atque

162 1213 315 1253 utinam
333 1214 393 1252 his
411 1215 592 1253 omnibus
607 1215 820 1266 abstergere
839 1213 975 1254 fletum
993 1214 1189 1253 sententiis
1208 1227 1297 1252 nos-

162 1269 231 1307 tris
249 1269 509 1321 consultisque
526 1281 740 1330 possemus,
767 1268 829 1307 vel
854 1269 984 1321 aliqua
1002 1270 1089 1308 talis
1106 1269 1168 1307 his
1187 1269 1297 1308 adhi-

162 1323 246 1362 beri
265 1323 418 1376 publice
436 1331 562 1375 posset
579 1323 714 1371 oratio,
735 1336 814 1375 qua
833 1322 1067 1384 deponerent
1092 1337 1298 1363 moerorem

155 1386 280 1430 ,atque
308 1378 475 1426 luctum,
502 1377 790 1430 gauderentque
818 1378 960 1429 potius,
991 1391 1081 1417 cum
1108 1379 1234 1417 multa
1258 1385 1296 1417 et

162 1433 268 1471 varia
284 1432 551 1485 impenderent
577 1432 801 1471 hominibus
823 1445 962 1483 genera
988 1433 1137 1480 mortis,
1167 1433 1208 1472 id
1230 1446 1297 1485 ge-

161 1499 251 1536 nus,
271 1487 378 1540 quod
402 1495 498 1526 esset
523 1487 844 1539 pulcherrimum,
869 1487 947 1525 suis
972 1488 1182 1539 obtigisse;
1213 1500 1297 1526 eos-

162 1555 240 1594 que
269 1554 339 1582 nec
363 1542 591 1581 inhumatos
617 1555 710 1589 esse,
742 1554 811 1580 nec
836 1541 1001 1581 desertos
1021 1542 1147 1594 (quod
1164 1550 1295 1580 tamen

162 1596 294 1648 ipsum
308 1609 379 1649 pro
398 1596 524 1648 patri&
542 1609 620 1634 non
639 1595 902 1635 miserandum
921 1596 1117 1648 putatur),
1143 1609 1214 1635 nec
1236 1596 1295 1634 di-

154 1652 303 1703 ¹spersis
322 1651 444 1690 bustis
457 1651 599 1689 humili
626 1651 825 1702 sepultura
839 1660 1039 1699 crematoS,
1060 1651 1126 1690 sed
1144 1659 1295 1690 contec-

162 1713 221 1745 tos
235 1706 400 1758 publicis
414 1706 594 1757 operibus
607 1714 724 1757 atque
735 1705 975 1753 muneribus,
991 1706 1114 1759 eaque
1126 1714 1297 1745 exstruc-

162 1761 283 1809 tione,
303 1774 392 1814 quae
409 1761 474 1809 sit,
502 1760 553 1800 ad
577 1759 805 1800 memoriam
827 1760 1062 1811 aeternitatis,
1090 1773 1158 1799 ara
1177 1760 1297 1800 virtu-

165 1815 226 1855 tis.

221 1869 504 1919 Quamobrem,
520 1870 741 1909 maximum
755 1869 914 1923 quidem
929 1870 1110 1910 solatium
1124 1870 1195 1910 erit
1208 1883 1298 1923 pro-

163 1925 417 1978 pinquorum,
438 1925 572 1964 eodem
591 1925 830 1964 monimento
856 1925 1040 1964 declarari
1059 1933 1097 1964 et
1115 1926 1299 1964 virtutem

166 1993 327 2020 suorum
359 1988 398 2019 et
415 1980 612 2032 pietatem,
633 1988 670 2019 et
696 1982 848 2019 senatus
873 1979 1005 2029 fidem,
1027 1987 1064 2019 et
1082 1979 1299 2019 crudelissi-

165 2035 224 2074 mi
255 2035 485 2073 memoriam
519 2035 638 2081 belli;
679 2034 719 2072 in
759 2048 852 2086 quo,
885 2034 959 2073 nisi
987 2041 1095 2073 tanta
1125 2034 1299 2073 militum

164 2089 288 2128 virtus
318 2089 537 2136 exstitisset,
564 2088 768 2140 parricidio
794 2089 857 2128 M.
879 2088 1043 2127 Antonii
1067 2101 1210 2127 nomen
1228 2101 1300 2141 po-

155 2143 253 2196 puli
271 2143 443 2183 Romani
460 2143 667 2183 occidisset.
697 2141 832 2196 Atque
860 2144 977 2183 etiam
1003 2156 1152 2191 censeo,
1171 2152 1300 2195 patroe

166 2198 383 2251 conscripti,
407 2212 496 2251 quae
524 2198 685 2251 praemia
709 2198 913 2247 militibus,
932 2198 1195 2251 promisimus,
1214 2210 1299 2248 nos,
