1509 2397
349 91 694 130 PHILIPPICA
723 92 802 131 XI.
833 91 938 130 CAP.
964 91 1024 129 10.
1174 91 1255 128 349

130 196 180 236 do
198 197 248 237 ad
266 198 513 238 Dolabellam
532 200 855 251 persequendum,
870 208 907 237 et
922 207 1068 251 partem
1082 199 1251 250 aliquam

132 252 173 289 in
208 253 344 291 Asiam
373 261 411 292 et
436 254 587 306 Syriam
618 254 788 293 derivare
821 267 921 291 curae
951 262 988 291 et
1019 253 1256 304 cogitationis

132 313 221 345 tuae.
261 308 304 346 Si
322 316 451 346 autem
470 308 553 346 fieri
570 317 708 359 posset,
729 309 789 346 vel
807 308 936 358 plures
955 315 992 345 te
1020 308 1168 345 animos
1187 307 1256 345 ha-

132 361 222 400 bere
246 362 398 410 vellem,
433 376 528 413 quos
561 375 693 400 omnes
719 362 768 400 ad
798 362 999 399 Mutinam
1029 362 1255 399 intenderes.

131 414 252 462 Quod
270 416 453 467 quoniam
474 417 556 454 fieri
575 429 651 454 non
676 423 825 467 potest3
855 416 949 454 istoc
974 415 1117 461 animo,
1139 429 1256 467 quem

133 468 251 508 habes
269 471 628 522 praestantissimum
653 481 768 522 atque
790 470 996 520 optimum,
1017 470 1115 506 nihil
1134 478 1171 508 te
1190 483 1256 507 vo-

132 523 279 572 lumus,
299 525 374 562 nisi
391 525 439 563 de
459 526 598 572 Bruto,
620 525 797 576 cogitare.
827 524 939 562 Facis
958 532 1002 561 tu
1022 524 1062 561 id
1081 524 1254 575 quidem,

132 584 171 615 et
189 591 233 616 eo
260 580 432 618 maxime
459 579 674 617 incumbis:
706 579 801 617 duas
831 586 961 616 tamen
992 591 1064 625 res,
1095 590 1257 628 magnas

131 634 358 683 praesertim,
390 646 468 671 non
497 634 614 672 modo
644 647 755 684 agere
787 646 866 671 uno
903 643 1088 683 tempore,
1116 632 1181 670 sed
1209 644 1258 669 ne

133 687 335 737 cogitando
361 688 519 739 quidem
539 688 741 739 explicare,
763 687 969 738 quisquam
988 694 1122 738 potest.
1155 686 1258 724 Inci-

133 747 214 778 tare
248 748 286 780 et
320 741 560 780 inflammare
602 751 655 780 tu
650 755 715 779 1111
758 741 863 779 istud
899 740 1226 792 praestantissimu
1219 753 1259 778 11

133 795 320 848 studium,
333 808 413 834 non
432 797 482 834 ad
500 796 617 834 aliam
636 796 718 834 ulla
737 809 785 834 ex
803 803 912 847 parte
931 808 1062 833 curam
1082 803 1164 833 tran
1168 795 1260 833 sfer-

132 861 186 896 re,
203 849 399 888 debemus.

186 904 240 942 Χ.
270 904 387 942 Adde
412 905 510 943 istuc
535 917 726 942 sermones
750 903 970 949 hominum,
1002 903 1100 941 adde
1133 903 1259 954 suspi-

134 957 273 1004 ciones,
295 959 421 996 adde
411 959 608 996 invidiam.
641 958 800 996 Imitare
812 971 888 1005 me,
911 970 1027 1009 (1116111
1047 966 1089 995 tu
1109 971 1260 1009 semper

131 1011 325 1058 laudasti;
356 1013 424 1064 qui
453 1013 678 1051 instructam
705 1021 956 1063 ornatamque
975 1025 997 1049 a
1017 1020 1150 1050 senatu
1173 1025 1261 1063 pro-

132 1065 299 1105 vinciam
318 1067 491 1119 deposui,
512 1075 557 1105 ut
574 1066 795 1105 incendium
824 1066 971 1118 patriae.
992 1067 1132 1104 omissa
1154 1066 1261 1104 omni

133 1120 373 1171 cogitatione,
394 1121 681 1172 restinguerem.
712 1122 841 1159 Nemo
861 1121 944 1167 erit,
964 1124 1116 1172 (praeter
1135 1133 1261 1158 unum

132 1186 211 1222 me,
229 1177 404 1227 quicum,
425 1176 607 1227 profecto,
629 1176 661 1213 si
681 1175 776 1227 quid
792 1175 971 1214 interesse
989 1175 1056 1212 tua
1072 1176 1259 1226 putasses,

133 1241 204 1280 pro
219 1230 374 1268 summa
393 1230 650 1268 familiaritate
665 1230 809 1275 nostra,
830 1229 1164 1275 communicasses)
1193 1229 1261 1280 qui

133 1283 275 1331 credat,
293 1291 330 1322 te
343 1284 477 1331 invito,
492 1284 727 1334 provinciam
741 1283 810 1321 tibi
822 1297 900 1321 esse
912 1283 1112 1321 decretam.
1131 1283 1261 1331 Hanc,

135 1350 278 1388 quaeso,
299 1351 368 1389 pro
388 1339 456 1376 tua
476 1338 662 1389 singulari
681 1338 881 1389 sapientia,
902 1337 1066 1388 reprime
1085 1337 1230 1375 famam
1247 1351 1260 1383 ;

135 1399 252 1443 atque
271 1393 388 1440 effice,
409 1405 458 1430 ne
482 1370 560 1441 id?
565 1392 670 1444 quod
688 1405 766 1430 non
785 1405 907 1439 curas,
932 1405 1069 1443 cupere
1097 1392 1260 1429 videare.

124 1445 259 1508 'Quod
275 1446 432 1498 quidem
452 1460 495 1485 eo
514 1446 777 1485 vehementius
807 1446 878 1484 tibi
907 1446 1162 1484 laborandum
1191 1453 1260 1493 est,

137 1499 230 1562 (11113
248 1501 289 1538 111
309 1501 484 1539 eamdem
504 1501 636 1539 cadere
656 1501 909 1551 suspicionem
929 1501 1088 1551 collega,
1110 1513 1167 1537 Vir
1186 1500 1264 1538 613-

135 1554 324 1603 rissimus,
341 1567 419 1594 non
436 1562 586 1616 potest..
602 1554 867 1593 Nihilhorum
882 1555 963 1602 scit,
985 1554 1081 1591 nihil
1095 1555 1264 1606 suspica-

138 1616 213 1646 tur.
243 1609 403 1648 Bellum
422 1609 544 1660 gerit:
576 1608 617 1647 in
647 1609 726 1648 acie
757 1617 856 1647 stat:
887 1608 933 1647 de
952 1608 1139 1660 sanguine
1159 1615 1196 1646 et
1214 1608 1263 1646 de

137 1662 273 1714 spiritu
292 1663 469 1702 decertat.
510 1667 618 1702 Ante
636 1663 873 1724 provinciam
893 1663 964 1701 sibi
983 1663 1175 1701 decretam
1194 1676 1264 1701 au·

137 1716 230 1764 diet,
250 1731 370 1770 quam
389 1718 556 1770 potuerit
574 1725 727 1769 tempus
746 1717 781 1756 ei
798 1718 853 1756 rei
871 1717 1006 1755 datum
1025 1717 1220 1768 suspicari.

190 1772 350 1821 Vereor,
371 1785 420 1810 ne
450 1772 637 1810 exercitus
656 1785 810 1824 quoque
828 1771 961 1818 nostri,
989 1771 1072 1823 qui,
1100 1783 1179 1809 non
1198 1771 1264 1810 de-

137 1826 256 1865 lectus
275 1827 508 1874 necessitate,
529 1826 595 1865 sed
617 1826 841 1864 voluntariis
860 1825 1008 1887 studiis,
1030 1838 1069 1864 se
1087 1825 1136 1863 ad
1162 1838 1265 1864 rem-

136 1881 335 1932 publicam
353 1881 611 1928 contulerunt,
627 1880 824 1919 tardentur
836 1879 988 1927 animis,
1005 1879 1037 1917 si
1049 1879 1262 1931 quidquam

137 1934 245 1973 aliud
263 1948 288 1973 a
304 1935 428 1983 nobis,
450 1935 524 1973 nisi
543 1935 590 1973 de
609 1935 769 1973 instanti
783 1934 900 1981 bello,
922 1934 1130 1985 cogitatum
1149 1941 1265 1984 puta-

135 1990 247 2027 bunt.
288 1988 407 2037 Quod
425 1989 457 2027 si
474 1989 678 2041 provinciae
710 1989 930 2027 consulibus
955 1987 1177 2039 expetendae
1208 1988 1264 2026 vi-

138 2042 278 2081 dentur
297 2043 412 2086 (sicut
430 2057 530 2096 saepe
559 2043 694 2081 multis
723 2042 940 2081 clarissimis
971 2042 1060 2080 viris
1087 2041 1266 2093 expetitae

139 2104 261 2145 sunt),
281 2097 427 2136 reddite
445 2098 552 2150 prius
571 2097 681 2136 nobis
707 2097 893 2144 Brutum,
919 2097 1054 2134 lumen
1088 2102 1124 2134 et
1150 2096 1266 2134 decus

139 2151 326 2198 civitatis;
357 2152 425 2203 qui
454 2152 508 2190 ita
537 2151 816 2191 conservandus
847 2159 916 2199 est,
948 2158 993 2188 ut
1018 2150 1060 2189 id
1093 2150 1268 2201 signum,

141 2204 262 2257 quod,
279 2205 328 2244 de
341 2206 434 2245 coelo
452 2206 668 2258 delapsum,
682 2206 814 2246 Vestae
825 2205 1005 2246 custodiis
1024 2204 1237 2245 continetur
1250 2218 1263 2251 3

191 2260 343 2307 (Orat.)
372 2271 478 2299 vor„
502 2272 564 2299 w.
911 2260 936 2298 2
959 2270 991 2297 Η
