1509 2397
233 99 313 138 358
457 100 798 140 PHILIPPICA
826 100 928 139 XII.
959 100 1065 139 cip.
1095 101 1135 138 2.

231 219 334 246 1111113
353 216 508 259 negant,
528 216 776 260 posteaquam
801 222 870 248 nos
894 206 1147 261 pacificatoria
1163 206 1355 258 legatione

232 260 445 323 implicatos
464 270 613 314 putant.
644 263 753 311 Quid
765 276 853 315 ergo
875 276 971 315 opus
993 271 1048 301 est
1065 275 1165 302 novo
1183 260 1353 309 consilio,

233 316 264 353 si
282 316 322 353 in
342 330 382 354 re
400 317 498 355 nihil
510 317 665 355 omnino
680 318 769 355 novi
783 325 839 356 est
849 317 867 354 ?

286 370 345 408 ΙΙ.
376 370 552 423 Decepti,
573 372 733 422 decepti,
753 372 928 423 inquam,
950 383 1097 417 sumuS,
1117 378 1242 422 patres
1260 381 1351 408 con-

231 424 384 475 scripti:
414 425 580 463 Antonii
610 434 666 463 est
695 433 779 464 acta
803 438 916 463 causa
938 427 986 463 ab
1005 424 1137 463 amicis
1156 426 1252 474 ejus,
1272 435 1350 461 non

231 479 412 529 publica3
443 479 547 531 quod
566 479 743 517 videbam
769 479 961 530 equidem,
990 477 1057 516 sed.
1075 479 1185 530 quasi
1203 491 1271 530 per
1289 490 1352 516 ca-

231 532 416 583 ljgtinem·
447 533 730 585 praestrinxerat
749 533 868 571 aciem
888 533 1008 570 animi
1027 532 1079 570 D.
1100 533 1216 570 Bruti
1235 532 1349 570 salus.

231 586 350 634 Quod
365 587 396 624 si
413 587 454 624 in
471 588 573 626 bello
593 587 675 625 dari
693 587 823 625 vicarii
837 588 1026 632 solerent;
1045 586 1207 625 libenter
1217 599 1294 633 me,
1308 594 1353 624 ut

231 640 285 678 D.
307 642 454 679 Brutus
474 641 722 688 emitteretur,
742 654 812 692 pro
836 641 904 679 illo
922 615 1067 679 1113111ἀ1
1084 649 1245 692 paterer.
1274 641 1352 678 At-

232 695 300 745 qui
319 695 390 733 hac
410 708 499 733 voce
519 695 570 743 Q.
592 695 696 733 Fufii
725 695 826 747 capti
845 708 1001 733 sumus:
1034 697 1063 717 “
1076 695 1155 743 Ne,
1171 695 1203 732 si
1217 708 1241 732 a
1255 694 1352 732 Mu-

231 749 314 787 tina
334 749 491 800 quidem
510 750 715 798 recesserit,
740 749 940 788 audiemus
958 749 1178 787 Antonium
1192 751 1210 787 ?
1238 761 1301 796 ne,
1322 747 1354 786 si

230 803 271 840 in
294 807 443 841 senatus
463 804 620 854 quidem
640 812 865 856 potestatem
883 803 1061 842 futurum
1083 816 1124 842 se
1151 803 1290 841 dixerit
1304 803 1352 841 ?‘'

232 856 391 895 Durum
417 858 640 896 videbatur:
671 858 802 909 itaque
829 858 940 896 fracti
969 870 1128 896 sumus:
1159 857 1351 895 cessimus.

233 911 394 949 Recedit
411 911 528 962 igitur
543 925 565 949 a
580 912 768 950 Mutina?
792 914 819 934 ‘⁶
836 912 1017 950 Nescio.’'
1047 912 1163 950 Paret
1176 910 1351 950 senatui?

233 969 262 988 ‘⁶
279 965 446 1013 Credo,’'
465 966 592 1017 inquit
612 966 778 1004 Calenus
792 980 803 1011 ;
827 969 854 989 “
868 967 933 1004 33(1
951 966 1019 1010 ita,
1034 975 1079 1004 ut
1093 973 1218 1004 teneat
1229 965 1355 1017 digni-

230 1020 391 1058 tatem.”
422 1020 547 1058 Valde
568 1020 759 1068 (hercule)
781 1020 886 1059 vobis
904 1020 1159 1058 laborandum
1186 1027 1256 1068 est,
1283 1032 1353 1071 pa-

231 1080 307 1112 tres
326 1074 541 1125 conscripti,
562 1083 606 1112 ut
624 1082 787 1112 vestram
806 1074 1032 1126 dignitatem
1051 1074 1248 1123 amittatis,
1264 1087 1353 1125 quae

232 1128 405 1165 maxima
423 1136 477 1166 est
490 1142 502 1173 ;
524 1129 703 1176 Antonii,
717 1142 804 1180 quae
815 1141 940 1180 neque
959 1136 1015 1167 est
1027 1128 1122 1176 ulla,
1136 1140 1261 1180 neque
1273 1140 1352 1166 esse

232 1190 370 1233 potest,
401 1182 619 1227 retineatis;
650 1190 694 1220 ut
713 1195 799 1220 eam
824 1196 892 1234 per
909 1195 976 1221 vos
993 1189 1202 1233 recuperet,
1232 1195 1351 1234 quam

232 1249 299 1287 per
319 1249 358 1274 se
375 1235 551 1287 perdidit.
583 1236 625 1274 Si
650 1237 779 1286 jacens
804 1236 1002 1275 vobiscum
1031 1236 1179 1288 aliquid
1207 1243 1350 1287 ageret,

231 1289 405 1328 audirem
424 1290 586 1328 fortase:
617 1303 856 1342 quamquam
875 1317 885 1327 .
906 1317 917 1328 .
939 1319 949 1329 .
971 1317 981 1328 .
1002 1290 1068 1328 sed
1081 1290 1154 1329 hoc
1171 1291 1275 1329 malo
1293 1290 1353 1328 di-

232 1356 342 1382 cere:
373 1344 558 1382 audirem.
599 1345 726 1383 Stanti
755 1345 1008 1383 resistendum
1033 1351 1103 1394 est,
1129 1352 1196 1383 aut
1220 1356 1352 1384 conce-

231 1398 372 1446 denda,
391 1399 471 1437 una
489 1411 578 1437 cum
597 1399 796 1450 dignitate,
815 1399 981 1438 libertas.

284 1452 345 1490 At
362 1465 440 1490 non
460 1462 514 1492 est
532 1453 725 1504 integrum
742 1468 753 1491 ε
774 1453 979 1492 constituta
994 1453 1134 1505 legatio
1147 1459 1215 1492 aet.
1241 1452 1353 1502 Quid

227 1514 360 1544 autem
372 1506 565 1558 integrum
581 1519 658 1546 non
672 1515 729 1546 est
740 1507 915 1560 sapienti,
929 1507 1034 1559 quod
1046 1507 1194 1546 restitui
1204 1507 1350 1570 potest?

230 1560 411 1611 cujusvis
429 1561 595 1599 hominis
614 1569 669 1600 est
687 1575 838 1608 errare3
857 1562 1017 1612 nullius,
1037 1561 1111 1600 nisi
1122 1561 1349 1614 insipientis,

228 1615 270 1652 in
289 1628 411 1653 errore
428 1628 676 1667 perseverare.
721 1616 951 1655 Posteriores
978 1616 1082 1655 enim
1106 1616 1352 1667 cogitationes

231 1672 293 1712 (ut
311 1669 436 1716 aiunt)
457 1670 699 1722 sapientiores
729 1671 852 1709 solent
873 1683 965 1709 esse.
1005 1669 1188 1709 Discussa
1212 1677 1268 1709 est
1283 1670 1352 1709 illa

230 1723 366 1774 caligo,
388 1737 506 1775 quam
525 1724 641 1775 paulo
660 1732 748 1763 ante
762 1725 864 1762 dixi:
899 1724 1066 1770 diluxit3
1091 1731 1221 1776 patet3
1246 1724 1351 1764 vide-

228 1789 319 1816 mus
336 1778 480 1838 omnia,
501 1791 624 1830 neque
638 1792 706 1830 per
724 1791 792 1817 nos
811 1779 950 1827 solum,
971 1779 1036 1818 sed
1053 1778 1308 1817 admonemur
1326 1793 1350 1818 a

228 1831 378 1870 nostris.
417 1832 648 1871 Attendistis
672 1833 788 1884 paulo
818 1841 919 1880 ante,
950 1832 1250 1885 praestantissimi
1278 1833 1352 1872 viri

229 1898 318 1936 quae
336 1894 431 1924 esset
448 1887 579 1925 oratio.
610 1889 638 1909 ‘⁶
654 1887 883 1934 Moestam,”
902 1887 1042 1939 inquit,
1068 1889 1097 1910 “
1111 1886 1273 1925 domum
1291 1887 1351 1926 of-

229 1939 350 1987 fendi,
376 1942 594 2002 conjugem,
627 1941 777 1980 liberos.
819 1941 1127 1980 Admirabantur
1150 1941 1243 1980 boni
1261 1941 1347 1990 viri,

229 1995 457 2032 accusabant
476 1995 603 2056 amici,
623 1995 728 2047 quod
755 2008 820 2047 spe
847 1996 950 2048 pacis
974 1995 1204 2047 legationem
1223 2008 1348 2034 susce-

229 2047 398 2108 1113331113
403 2049 527 2087 'Nec
544 2050 703 2097 mirum,
726 2050 771 2087 P.
793 2050 952 2089 Servili:
984 2051 1058 2088 tuis
1077 2049 1179 2088 enim
1199 2049 1348 2088 verissi-

226 2102 301 2140 11113
319 2103 628 2156 gravissimisque
639 2104 847 2153 sententiis,
863 2104 970 2143 omni
989 2112 1058 2152 est,
1075 2115 1151 2142 non
1165 2103 1249 2142 dico
1262 2103 1347 2156 dig-

230 2155 361 2204 nitate,
381 2157 448 2195 sed
466 2157 580 2196 etiam
596 2170 661 2209 spe
679 2158 826 2207 salutis,
845 2158 1028 2220 spoliatus
1044 2157 1254 2196 Antonius.

282 2210 350 2248 Ad
370 2224 458 2250 eum
474 2211 528 2250 ire
546 2220 582 2251 te
606 2212 792 2264 legatum,
812 2213 899 2264 quis
917 2224 994 2251 non
1021 2213 1248 2251 miraretur.
1238 2214 1256 2240 ⁹
1286 2210 1348 2250 De
