1509 2397
285 83 336 119 40
545 84 609 122 IN
638 84 909 124 PISONEM.
931 84 1037 123 CAP.
1063 84 1123 122 11.

281 188 349 239 qui
359 189 567 241 praedones,
587 191 656 243 qui
668 191 806 240 hostes,
826 192 894 244 qui
911 191 1133 244 proditores,
1152 190 1221 242 qui
1239 188 1393 241 tyranni

282 243 613 283 nominabuntur?

334 296 412 335 ΧΙ.
443 298 636 349 Magnum
664 311 803 337 nomen
822 306 890 347 est,
910 311 1053 350 magna
1076 297 1227 349 species,
1252 308 1396 347 11138113,

282 349 460 401 dignitas,
480 364 622 412 magna
634 354 825 413 majestas,
839 353 1026 390 consulis:
1057 364 1134 389 non
1153 350 1309 401 capiunt
1325 362 1395 388 an-

280 404 414 454 gustiae
427 407 586 455 pectoris
600 406 670 451 tui,
680 418 756 443 non
771 406 903 456 recipit
916 406 1067 444 levitas
1060 412 1145 449 ista,
1158 416 1234 442 non
1249 411 1395 454 egestas

280 457 423 495 animi:
445 470 520 496 non
532 434 759 497 infirmitas
749 459 892 510 mgenii
911 459 1082 506 sustinet,
1103 470 1178 496 non
1193 457 1396 495 insolentia

280 523 408 549 rerum
427 512 691 560 secundarum,
712 520 858 550 tantam
883 525 1098 563 personam,
1124 519 1203 549 tam
1222 523 1392 562 gravem,

281 571 360 602 tam
373 578 552 604 severam.
583 567 765 617 Seplasia,
784 566 985 613 mehercle,
1002 569 1063 609 (ut
1080 565 1155 603 dici
1171 565 1394 611 audiebam)

281 625 332 665 te,
347 627 391 657 ut
408 619 578 670 primum
597 620 784 671 adspexit,
806 619 1048 670 Campanum
1067 618 1260 657 consulem
1278 631 1394 669 repu-

280 670 408 709 diavit.
438 673 629 711 Audierat
647 673 798 720 Decios,
828 673 996 733 Magios,
1024 681 1062 711 et
1085 673 1133 710 de
1157 670 1310 710 Taurea
1326 671 1397 710 illo

280 724 309 762 J
312 727 452 764 ubelho
478 727 623 787 aliquid
647 734 865 778 acceperat,
895 727 934 764 in
961 727 1101 777 quibus
1129 726 1161 763 si
1185 725 1395 763 moderatio

280 778 360 825 ina,
377 793 464 831 quae
478 780 517 817 in
536 780 670 818 nostris
685 781 777 818 solet
796 793 873 818 esse
891 780 1120 840 consulibus,
1141 791 1218 817 non
1236 779 1334 823 fuit3
1355 786 1397 816 at

281 830 356 870 fuit
375 846 529 885 pompa,
545 833 620 871 fuit
631 834 784 885 species,
801 833 902 872 fuit·
892 846 1087 871 mcessuss
1072 833 1205 871 saltem
1223 831 1394 884 Seplasia

283 885 422 936 dignus
440 895 477 924 et
496 887 646 938 Capua„

338 940 548 978 Gabinium
575 941 739 1002 denique
758 941 790 979 si
808 941 988 980 vidissent
1008 940 1256 978 duumvirum
1279 939 1394 978 vestri

282 992 339 1030 illi
357 995 613 1045 unguentarii,
635 995 744 1033 citius
772 995 1020 1055 agnovissent.
1062 994 1186 1032 Erant
1203 994 1260 1031 ini
1278 993 1394 1032 coniti

281 1047 423 1098 capilli,
444 1058 482 1086 et
498 1048 693 1086 madentes
708 1048 968 1086 cincinnorum
987 1048 1161 1094 fimbriae,
1178 1055 1215 1085 et
1232 1048 1393 1085 fluentes

281 1109 554 1152 cerussataeque
575 1103 715 1150 buccae,
742 1101 868 1152 dignae
886 1102 1036 1152 Capua,
1056 1101 1122 1138 sed
1146 1100 1213 1138 illa
1241 1108 1390 1138 vetere:

281 1166 371 1191 nam
389 1154 471 1193 haec
488 1154 659 1207 quidem,
686 1168 774 1206 quae
799 1167 902 1193 nunc
919 1163 988 1203 est,
1005 1153 1394 1206 splendidissimorum

280 1207 496 1254 hominum,
523 1208 814 1246 fortissimorum
840 1209 1023 1256 virorum,
1044 1208 1275 1259 optimorum
1301 1207 1393 1245 civi-

280 1274 363 1309 um,
384 1262 557 1313 mihique
575 1261 903 1308 amicissimorum,
915 1261 1162 1299 multitudine
1179 1260 1392 1299 redundat:

281 1328 446 1365 quorum
471 1315 615 1366 Capuae
641 1324 678 1353 te
696 1322 963 1366 praetextatum
982 1327 1096 1353 nemo
1110 1314 1298 1365 adspexit,
1324 1314 1393 1365 qui

282 1380 358 1406 non
376 1377 545 1420 gemeret
561 1368 743 1406 desiderio
764 1369 864 1414 mei;
892 1369 1003 1418 cujus
1026 1368 1181 1406 oonsilio
1199 1380 1287 1405 cum
1305 1368 1395 1405 uni-

281 1435 428 1460 versam
446 1422 738 1474 rempublicam,
757 1430 842 1460 tum
868 1422 975 1460 illam
1003 1422 1127 1473 ipsam
1145 1423 1294 1468 urbem,
1314 1433 1396 1459 me-

281 1476 470 1514 minerant
492 1489 570 1514 esse
599 1485 798 1514 servatam.
839 1476 911 1514 Me
938 1475 1114 1514 inaurata
1132 1475 1258 1513 statua
1275 1474 1395 1512 dona-

280 1538 366 1567 rant
379 1544 392 1566 :
419 1542 482 1567 me
500 1538 704 1581 patronum
721 1541 845 1567 unum
859 1529 1116 1568 adsciverant:
1147 1541 1171 1565 a
1187 1540 1250 1565 me
1269 1540 1309 1565 se
1326 1527 1397 1565 ha-

281 1583 368 1620 bere
387 1583 519 1631 vitam,
547 1583 731 1630 fortunas,
757 1584 910 1630 liberos,
940 1582 1244 1621 arbitrabantur:
1273 1593 1337 1618 me
1355 1587 1394 1619 et

279 1644 502 1686 praesentem
521 1644 649 1674 contra
665 1637 906 1675 latrocinium
924 1643 1036 1673 tuum
1064 1635 1141 1673 suis
1165 1634 1321 1672 decretis
1339 1634 1394 1672 le-

281 1689 455 1740 gatisque
486 1689 749 1737 defenderunt,
785 1699 824 1728 et
865 1691 1073 1734 absentem,
1111 1687 1281 1738 principe
1317 1687 1390 1726 Cn.

282 1743 466 1793 Pompeio
484 1743 679 1785 referente,
699 1750 737 1779 et
754 1743 801 1781 de
818 1755 972 1794 corpore
998 1742 1215 1793 reipublicae
1236 1749 1392 1779 tuorum

282 1796 465 1834 scelerum
478 1797 553 1834 tela
570 1795 784 1844 revellente,
805 1796 1039 1835 revocarunt.

333 1850 402 1887 An
422 1856 465 1886 tu
483 1862 564 1887 eras
578 1848 723 1895 consul,
744 1862 832 1887 cum
851 1850 892 1887 in
911 1849 1060 1887 Palatio
1077 1861 1163 1886 mea
1176 1847 1312 1885 domus
1331 1860 1392 1885 ar-

279 1903 407 1950 debat,
426 1915 502 1941 non
514 1916 602 1941 casu
615 1902 756 1960 aliquO,
777 1903 841 1940 sed
851 1903 1006 1964 ignibus
1016 1902 1176 1951 injectis,
1188 1901 1391 1951 instigante

278 1959 347 1995 te?
375 1956 570 2008 Ecquod
559 1968 599 1993 m
620 1955 692 1992 hae
718 1957 812 1994 urbe
837 1957 963 2005 majus
979 1968 1152 2006 unquam
1170 1954 1388 1992 incendium

276 2010 365 2057 fuit,
385 2010 447 2048 cui
461 2022 538 2047 non
557 2007 688 2047 consul
702 2010 943 2048 subvenerit?
961 2010 1021 2047 At
1039 2017 1096 2057 tu,
1115 2008 1206 2045 illo
1195 2019 1277 2058 ipso
1292 2014 1389 2045 tem-

277 2077 382 2115 pore,
402 2063 506 2114 apud
524 2074 673 2101 socrum
690 2068 798 2099 tuam
816 2075 934 2113 prope
951 2076 975 2101 a
991 2062 1088 2100 meis
1104 2061 1261 2109 aedibus,
1280 2061 1391 2109 cujus

276 2116 435 2156 domum
458 2116 507 2155 ad
534 2128 661 2155 meam
692 2115 989 2154 exhauriendam
1013 2114 1252 2167 patescentem,
1283 2113 1389 2151 sede-
