1509 2397
241 123 319 166 214
469 127 808 169 PHILIPPICA
838 129 897 168 11.
927 129 1032 168 CAP.
1066 129 1127 168 19

237 234 322 284 gitii
339 247 495 284 merces,
516 249 586 276 nec
605 251 648 276 ea
665 251 794 290 parva.
823 237 899 277 Sed
912 238 986 276 cito
999 236 1116 276 Curio
1134 234 1353 284 intervenit,

238 288 305 339 qui
328 295 365 326 te
387 302 410 327 a
434 292 646 330 meretricio
675 299 823 344 quaestu
855 292 1040 337 abduxit;
1071 297 1122 339 et,
1154 298 1354 341 tamquam

240 342 378 380 stolam
390 343 567 393 dedisset,
583 346 624 383 in
638 347 883 384 matrimonio
894 346 1021 384 stabili
1032 352 1069 383 et
1084 352 1184 383 certo
1202 343 1353 382 locavit.

292 397 422 436 Nemo
440 411 613 451 unquam
632 414 741 451 puer,
769 411 893 438 emtus
920 399 1089 438 libidinis
1119 411 1246 445 causa,
1273 404 1355 434 tam

235 449 340 488 fuit
329 463 369 488 m
388 451 534 490 domini
552 462 748 505 potestate,
770 467 887 519 (1113111
907 460 946 491 tu
968 454 1007 491 in
1028 451 1214 491 Curionis.
1246 450 1356 499 Quo-

236 503 306 542 ties
324 512 361 542 te
379 514 486 557 pater
509 509 590 556 ejus
620 508 734 546 domo
754 521 823 546 sua
842 508 980 557 ejecit?
1010 506 1156 558 quoties
1181 504 1354 544 custodes

235 558 377 624 posuit,
404 573 452 598 ne
470 561 589 599 limen
607 562 800 600 intrares?
831 574 920 599 cum
938 569 982 599 tu
1000 568 1143 607 tamen,
1164 567 1273 598 nocte
1295 571 1355 597 so-

235 611 307 659 eia,
328 612 503 653 hortante
520 615 692 663 libidine,
725 623 880 667 cogente
906 615 1092 663 mercede,
1122 627 1190 665 per
1208 613 1355 664 tegulas

234 665 493 706 demitterere.
516 683 603 721 quae
614 669 758 720 flagitia
772 670 908 708 domus
926 669 994 707 1113
1011 668 1155 707 diutius
1168 667 1265 706 ferre
1276 678 1354 704 non

233 720 370 770 potuit.
413 722 556 771 Scisne,
575 736 639 762 me
658 724 705 761 de
723 725 835 762 rebus
860 723 958 761 1111111
975 722 1180 761 notissimis
1199 721 1352 759 dicere?

232 774 448 814 Recordare
462 785 614 829 tempus
627 777 740 826 illud,
756 791 845 816 cum
863 785 970 829 pater
986 776 1103 815 Curio
1117 787 1279 814 moerens
1293 775 1354 824 ja·

233 829 370 866 cebat
359 842 399 866 111
418 831 542 869 lecto:
573 831 688 879 filius,
711 844 750 870 se
769 832 817 869 ad
842 831 957 882 pedes
975 844 1080 869 meos
1097 836 1351 881 prosternens,

232 882 462 934 lacrymans,
484 892 521 922 te
539 885 636 923 mihi
651 886 961 930 commendabat3
992 886 1138 931 orabat,
1155 889 1209 921 ut
1213 889 1250 921 te
1261 895 1351 920 con-

231 942 292 973 tra
310 950 424 975 suum
443 946 605 989 patrem,
633 939 663 977 si
683 939 896 977 sestertium
914 940 1084 990 sexagies
1108 943 1265 989 peteret,
1285 935 1352 974 de·

232 989 452 1029 fenderem.
478 999 631 1030 tantum
651 993 753 1031 enim
773 1006 811 1031 se
829 1005 899 1044 pro
917 999 954 1030 te
971 991 1230 1030 intercessisse.
1261 991 1352 1041 Ipse

232 1050 379 1094 autem,
400 1058 529 1083 amore
553 1046 702 1094 ardens,
723 1046 985 1095 confirmabat,
1002 1045 1106 1098 quod
1121 1044 1352 1083 desiderium

232 1098 292 1136 tui
311 1098 459 1138 discidii
476 1099 574 1138 ferre
598 1112 676 1138 non
693 1107 833 1151 posset,
860 1113 899 1138 se
921 1100 963 1138 in
982 1100 1160 1139 exsilium
1180 1112 1258 1137 esse
1275 1099 1353 1137 itu-

231 1165 333 1190 rum.

288 1206 381 1254 Quo
393 1220 463 1258 ego
477 1214 647 1258 tempore
658 1214 765 1245 tanta
782 1207 886 1245 mala
903 1207 1180 1246 florentissimae
1191 1206 1351 1246 famffiae

233 1260 374 1309 sedavi,
395 1262 455 1299 vel
469 1262 595 1313 potius
615 1262 761 1300 sustuli.
793 1261 900 1299 Patri
917 1261 1100 1313 persuasi,
1121 1268 1166 1299 ut
1190 1273 1240 1299 aes
1259 1260 1351 1299 alie-

230 1327 328 1353 num
347 1315 417 1353 filii
442 1315 683 1354 dissolveret:
714 1315 915 1353 redimeret
933 1315 1223 1362 adolescentem,
1244 1326 1351 1352 sum-

231 1367 297 1406 ma
316 1382 381 1420 spe
400 1376 437 1407 et
455 1369 575 1407 animi
593 1377 630 1408 et
655 1369 799 1421 ingenii
816 1369 1037 1421 praeditum,
1070 1368 1124 1407 rei
1151 1367 1351 1406 familiaris

230 1423 501 1470 facultatibus3
531 1437 698 1475 eumque
716 1437 740 1462 a
757 1424 826 1462 tua
848 1436 926 1461 non
944 1423 1060 1462 modo
1078 1422 1349 1470 familiaritate,

231 1477 298 1515 sed
317 1477 432 1516 etiam
452 1479 726 1529 congressione,
758 1478 881 1529 patrio
896 1479 983 1527 jure
1002 1484 1040 1515 et
1061 1483 1244 1529 potestate
1261 1489 1351 1538 pro-

231 1531 390 1570 hiberet.
432 1532 530 1570 Haec
549 1540 591 1570 tu
611 1545 700 1570 cum
719 1545 786 1583 per
804 1545 868 1570 me
887 1539 970 1570 acta
987 1531 1248 1576 meminisses3
1277 1529 1351 1568 nisi

228 1585 319 1633 illis,
340 1599 435 1637 quos
453 1586 641 1633 videmus,
666 1585 802 1637 gladiis
820 1585 1038 1636 confideres,
1058 1559 1269 1623 maledictis
1286 1595 1350 1622 me

228 1651 432 1690 provocare
446 1652 561 1677 ausus
573 1652 669 1678 esses
684 1642 701 1678 Ρ

283 1692 404 1730 XIX.
434 1693 510 1731 Sed
537 1695 620 1742 jam
652 1701 783 1745 stupra
808 1700 845 1731 et
862 1692 1007 1743 flagitia
1024 1692 1199 1731 omittam
1217 1706 1227 1730 ε
1259 1698 1350 1730 sunt

230 1746 423 1797 quaedam,
441 1759 527 1798 quae
546 1747 701 1785 honeste
719 1759 796 1784 non
814 1759 971 1798 possum
990 1746 1112 1785 dicere
1127 1761 1136 1784 :
1158 1754 1201 1783 tu
1217 1753 1347 1784 autem

229 1813 274 1838 eo
292 1800 458 1846 liberior,
479 1799 583 1852 quod
606 1813 649 1838 ea
667 1801 707 1838 in
723 1809 759 1839 te
778 1800 978 1848 admisisti,
994 1814 1081 1851 quae
1095 1814 1118 1838 a
1138 1799 1349 1838 verecundo

229 1853 384 1892 inimico
407 1853 538 1892 audire
566 1867 642 1892 non
669 1867 806 1905 posses.
851 1855 926 1893 Sed
943 1854 1137 1906 reliquum
1156 1854 1243 1892 vitae
1262 1866 1348 1892 cur-

229 1920 317 1945 sum
327 1907 474 1946 videte:
500 1920 617 1959 quem
632 1908 788 1959 quidem
803 1909 970 1947 celeriter
983 1908 1247 1959 perstringam.
1277 1907 1346 1945 Ad

227 1961 310 1999 haec
324 1961 441 2008 enim,
462 1975 548 2013 quae
566 1962 606 1999 in
626 1963 726 2000 civili
745 1963 859 2011 bello,
872 1963 913 2000 in
931 1962 1111 2000 maximis
1129 1961 1348 2012 reipublicae

227 2015 402 2064 miseriis,
423 2015 524 2063 fecit,
553 2023 590 2053 et
615 2015 664 2053 ad
689 2028 732 2054 ea
756 2029 842 2068 quae
867 2015 1035 2067 quotidie
1060 2016 1163 2064 facit,
1193 2015 1347 2054 festinat

227 2069 392 2107 animus.
423 2069 537 2117 Quae,
551 2076 652 2120 peto,
665 2077 722 2116 ut,
739 2082 976 2121 quamquam
986 2070 1111 2108 multo
1122 2068 1270 2108 notiora
1280 2082 1348 2107 vo-

226 2122 286 2160 bis
305 2136 423 2174 quam
442 2123 539 2162 mihi
557 2131 660 2171 sunt,
680 2130 808 2162 tamen
821 2129 882 2167 (ut
895 2123 1034 2172 facitis)
1053 2130 1195 2162 attente
1213 2122 1346 2161 audia-

226 2176 286 2214 tis.
327 2176 455 2215 Debet
483 2177 586 2214 enim
608 2152 749 2216 talibus
777 2177 818 2215 in
848 2179 960 2216 rebus
990 2178 1152 2216 excitare
1181 2176 1343 2224 animos,

226 2241 301 2269 non
317 2230 480 2282 cognitio
493 2231 617 2270 solum
628 2244 770 2281 rerum,
787 2231 852 2271 sed
865 2232 979 2270 etiam
991 2231 1207 2270 recordatio.
1221 2230 1343 2268 Tam-
