1509 2397
216 77 296 115 342
461 74 800 115 PHILIPPICA
829 73 907 115 XI.
936 74 1043 119 CAP.
1063 77 1099 115 3.

219 185 362 223 incesto
386 196 449 223 ore
474 184 686 231 lacerasset,
716 192 801 223 tum
823 184 1042 224 verberibus
1070 197 1115 224 ac
1143 185 1339 224 tormentis

220 238 470 290 quasstionem
491 238 627 277 habuit
653 238 825 290 pecuniae
846 239 1025 290 publicae,
1051 238 1169 291 idque
1189 252 1258 291 per
1281 239 1342 278 bi-

219 293 357 330 duum.
388 292 494 339 Post,
508 307 531 331 a
542 293 747 332 cervicibus
759 300 874 344 caput
885 293 1042 331 abscidit
1055 307 1067 340 3
1088 293 1204 345 idque
1217 293 1344 332 fixum

222 346 361 397 gestari
380 347 494 396 jussit
515 347 556 385 in
581 346 685 398 pilo:
716 347 909 398 reliquum
929 360 1077 398 corpus,
1099 354 1263 386 tractum
1285 354 1344 385 at-
1383 345 1389 348 ⁴

223 413 299 451 que
317 401 519 446 laniatum,
540 400 677 450 abjecit
695 401 735 438 in
757 413 875 438 mare.
905 401 1008 438 Cum
1029 401 1102 439 hoc
1119 400 1344 440 bellandum

223 454 332 492 hoste
351 462 420 501 est,
447 468 469 492 a
487 456 597 504 cujus
616 453 809 492 teterrima
827 454 1048 492 crudelitate
1065 454 1189 494 omnis
1207 456 1344 494 barba-

224 508 281 546 ria
299 516 475 559 superata
487 517 552 547 est.
584 508 691 556 Quid
710 509 845 559 loquar
863 508 910 546 de
922 508 1023 546 caede
1037 508 1178 547 civium
1197 508 1345 547 Roma-

225 574 365 600 norum
383 565 399 601 ‚⁹
430 563 477 601 de
496 562 707 613 direptione
731 562 910 600 fanorum
924 564 942 601 ’ἓ
973 562 1058 614 quis
1084 569 1152 611 est,
1173 563 1255 614 qui,
1275 575 1346 614 pro

225 629 354 654 rerum
377 616 583 662 atrocitate,
601 616 795 667 deplorare
811 623 935 655 tantas
958 616 1190 655 calamitates
1201 618 1344 669 queat?

225 669 281 708 Et
299 682 402 708 nunc
420 671 501 708 tota
519 670 617 708 Asia
636 677 809 721 vagatur,
829 670 976 719 volitat,
1005 678 1050 708 ut
1067 683 1161 717 rex3
1190 683 1260 710 nos
1273 671 1349 709 alio

225 725 326 762 bello
345 724 515 763 distineri
533 731 669 775 putat;
700 724 810 775 quasi
828 737 915 763 vero
934 737 1012 762 non
1025 737 1149 763 unum
1167 724 1349 777 idemque

226 778 374 816 bellum
393 778 443 816 sit
462 786 592 817 contra
609 778 681 816 hoc
696 779 837 829 jugum
851 778 1059 830 impiorum
1078 778 1281 817 nefarium.

282 832 365 870 III.
397 832 615 884 Imaginem
642 832 704 870 M.
723 832 889 870 Antonii
910 832 1141 871 crudelitatis
1162 833 1203 870 in
1225 833 1348 871 Dola-

227 886 329 924 bella
348 886 498 925 cernitis
518 900 528 924 ε
557 899 604 925 ex
622 886 695 925 hoc
713 886 781 924 ffla
799 886 922 925 efficta
939 894 1018 925 est:
1041 889 1089 925 ab
1103 886 1348 925 11001113Βο-

227 940 376 978 labellae
398 941 583 979 scelerum
600 948 789 991 praecepta
807 948 896 978 sunt
920 940 1071 979 tradita.
1099 941 1210 979 Num
1229 941 1350 980 lenio-

228 1006 324 1042 rem,
346 1007 464 1046 quam
478 993 623 1032 inAsizi
635 994 839 1033 Dolabella
856 994 944 1041 fuit,
965 995 1006 1032 in
1027 994 1154 1042 Italia,
1175 995 1206 1033 si
1223 995 1348 1043 liceat,

228 1047 308 1086 fore
325 1049 468 1100 putatis
486 1048 706 1086 Antonium
720 1051 738 1088 ?
767 1048 874 1086 Mihi
892 1048 1049 1100 quidem
1068 1056 1105 1087 et
1129 1048 1194 1087 ille
1218 1062 1350 1101 perve-

229 1101 328 1140 nisse
355 1102 517 1149 videtur,
545 1102 672 1153 quoad
699 1102 876 1154 progredi
902 1102 1068 1153 potuerit
1089 1102 1159 1141 feri
1183 1103 1350 1142 hominis

228 1155 397 1194 amentia
410 1170 422 1202 ;
444 1169 569 1208 neque
580 1156 792 1204 Antonius,
807 1156 925 1194 ullius
940 1156 1117 1208 supplicii
1130 1156 1351 1206 adhibendi,

230 1210 263 1247 si
281 1217 507 1261 potestatem
531 1210 683 1258 habeat,
707 1210 830 1248 uuam
856 1217 1004 1262 partem
1033 1223 1114 1249 esse
1139 1211 1352 1250 relicturus.

231 1264 368 1302 Ponite
391 1264 509 1315 igitur
527 1272 615 1302 ante
633 1264 775 1313 oculos,
794 1271 920 1315 patres
938 1264 1153 1316 conscripti,
1172 1265 1354 1304 miseram

230 1318 339 1356 illam
358 1318 516 1370 quidem
535 1327 573 1356 et
591 1318 758 1356 flebilem
779 1318 957 1370 speciem,
982 1318 1049 1357 sed
1066 1318 1115 1356 ad
1141 1318 1354 1359 incitandos

231 1372 379 1410 animos
393 1380 536 1411 Vffitros
554 1372 830 1410 necessariam.
860 1379 1091 1410 nocturnum
1104 1373 1294 1424 impetum
1312 1373 1354 1412 in

232 1428 367 1464 urbem
392 1426 500 1464 Asiae
527 1426 802 1473 clarissimam;
842 1426 1093 1478 irruptionem
1120 1434 1354 1466 armatorum

232 1480 272 1518 in
292 1480 477 1519 Trebonii
504 1480 679 1529 domum,
704 1493 793 1518 cum
815 1479 931 1518 miser
952 1480 1018 1519 ille
1036 1480 1143 1533 prius
1161 1481 1354 1520 latronum

231 1534 378 1585 gladios
399 1534 553 1582 videret,
581 1547 714 1586 quam,
738 1548 825 1586 quae
854 1547 912 1572 res
935 1542 1044 1583 esset,
1069 1535 1262 1574 audisset:
1290 1535 1355 1574 fu-

233 1589 350 1627 rentis
375 1588 575 1627 introitum
601 1588 827 1637 Dolabellae,
848 1601 979 1627 vocem
1003 1588 1212 1640 impuram,
1239 1596 1355 1641 atque

233 1656 274 1680 os
289 1642 388 1680 illud
406 1642 563 1690 infame,
580 1643 745 1691 vincula,
771 1644 940 1690 verbera,
961 1643 1183 1694 equuleum,
1204 1643 1353 1681 carnifi-

233 1709 318 1734 cem
337 1703 598 1747 tortoremque
617 1696 861 1735 Samiarium.
891 1696 992 1744 Quae
1006 1696 1136 1736 tulisse
1148 1697 1261 1735 illurn
1276 1697 1354 1736 for-

235 1750 321 1788 titer
340 1757 377 1788 et
394 1750 580 1802 patienter
593 1750 732 1789 ferunt.
762 1751 913 1802 Magna
926 1751 1024 1797 laus,
1036 1763 1199 1802 meoque
1208 1750 1354 1800 judicio

235 1804 412 1843 omnium
430 1804 614 1843 maxima.
645 1805 718 1843 Est
743 1805 845 1843 enim
865 1804 1057 1855 sapientis,
1076 1804 1266 1856 quidquid
1283 1805 1354 1844 ho-

235 1859 332 1896 mini
351 1858 518 1897 accidere
535 1858 668 1910 possit,
688 1858 742 1906 id,
762 1858 1032 1910 praemeditari,
1051 1858 1251 1897 ferendum
1269 1872 1354 1897 mo-

235 1912 318 1951 dice
335 1925 427 1961 esse,
457 1911 510 1962 [si
532 1913 730 1964 evenerit]
761 1913 924 1962 Maj0ris
942 1913 1099 1951 omnino
1118 1920 1174 1951 est
1191 1912 1353 1963 consilii,

235 1966 445 2017 providere,
466 1979 514 2005 ne
532 1966 627 2018 quid
646 1966 719 2004 tale
731 1966 900 2013 aecidat3
922 1966 987 2005 sed
999 1967 1117 2004 animi
1135 1979 1211 2005 non
1229 1967 1355 2006 mino-

235 2020 302 2068 ris,
322 2021 467 2059 sortiter
485 2020 596 2069 ferre,
621 2020 653 2059 si
679 2021 854 2059 evenerit.
892 2021 955 2058 Ac
973 2020 1178 2059 Dolabella
1197 2021 1354 2073 quidem

237 2084 318 2113 tam
349 2075 424 2113 fuit
453 2075 657 2113 immemor
692 2075 956 2123 humanitatis,
988 2076 1244 2126 (quamquam
1272 2076 1355 2125 ejus

237 2140 438 2181 nunquam
457 2129 643 2181 particeps
661 2128 753 2177 fuit)
766 2135 809 2167 ut
828 2141 938 2167 suam
957 2128 1209 2168 insatiabilem
1223 2130 1357 2170 crude-

237 2182 385 2223 litatem
409 2183 632 2232 exercuerit,
656 2192 776 2222 non
762 2183 885 2222 solum
908 2183 949 2222 in
968 2182 1069 2232 vivo,
1091 2181 1156 2223 sed
1183 2183 1297 2223 etiam
1316 2185 1356 2224 in
