<?xml version="1.0" encoding="UTF-8"?>
<!DOCTYPE html PUBLIC "-//W3C//DTD XHTML 1.0 Transitional//EN"
    "http://www.w3.org/TR/xhtml1/DTD/xhtml1-transitional.dtd">
<html xmlns="http://www.w3.org/1999/xhtml" xml:lang="en" lang="en">
 <head>
  <title>
</title>
<meta http-equiv="Content-Type" content="text/html;charset=utf-8" />
  <meta name='ocr-system' content='tesseract 3.04.00' />
  <meta name='ocr-capabilities' content='ocr_page ocr_carea ocr_par ocr_line ocrx_word'/>
</head>
<body>
  <div class='ocr_page' id='page_1' title='image "./operaern08ciceuoft_0033.png"; bbox 0 0 1555 2433; ppageno 0'>
   <div class='ocr_carea' id='block_1_1' title="bbox 434 94 1300 138">
    <p class='ocr_par' dir='ltr' id='par_1_1' title="bbox 434 94 1300 138">
     <span class='ocr_line' id='line_1_1' title="bbox 434 94 1300 138; baseline 0.005 -4"><span class='ocrx_word' id='word_1_1' title='bbox 434 95 550 136; x_wconf 87' lang='lat' dir='ltr'><strong>PRO</strong></span> <span class='ocrx_word' id='word_1_2' title='bbox 579 94 790 134; x_wconf 84' lang='lat' dir='ltr'><strong>BALBO.</strong></span> <span class='ocrx_word' id='word_1_3' title='bbox 821 96 926 134; x_wconf 70' lang='lat' dir='ltr'>CAP.</span> <span class='ocrx_word' id='word_1_4' title='bbox 963 97 1023 136; x_wconf 86' lang='grc'><strong>19.</strong></span> <span class='ocrx_word' id='word_1_5' title='bbox 1251 100 1300 138; x_wconf 80' lang='grc'><strong>19</strong></span> 
     </span>
    </p>
   </div>
   <div class='ocr_carea' id='block_1_2' title="bbox 176 202 1309 2256">
    <p class='ocr_par' dir='ltr' id='par_1_2' title="bbox 176 202 1305 298">
     <span class='ocr_line' id='line_1_2' title="bbox 176 202 1305 257; baseline 0.003 -14"><span class='ocrx_word' id='word_1_6' title='bbox 176 202 401 257; x_wconf 85' lang='lat' dir='ltr'><strong>gravissima</strong></span> <span class='ocrx_word' id='word_1_7' title='bbox 418 211 504 242; x_wconf 88' lang='lat' dir='ltr'><strong>tum</strong></span> <span class='ocrx_word' id='word_1_8' title='bbox 523 204 562 241; x_wconf 91' lang='lat' dir='ltr'><strong>in</strong></span> <span class='ocrx_word' id='word_1_9' title='bbox 583 204 702 242; x_wconf 88' lang='lat' dir='ltr'><strong>istum</strong></span> <span class='ocrx_word' id='word_1_10' title='bbox 722 204 843 243; x_wconf 89' lang='lat' dir='ltr'><strong>civem</strong></span> <span class='ocrx_word' id='word_1_11' title='bbox 857 216 971 242; x_wconf 89' lang='lat' dir='ltr'><strong>suum</strong></span> <span class='ocrx_word' id='word_1_12' title='bbox 993 203 1177 243; x_wconf 87' lang='lat' dir='ltr'>Gaditani</span> <span class='ocrx_word' id='word_1_13' title='bbox 1197 218 1305 245; x_wconf 85' lang='lat' dir='ltr'><strong>sena-</strong></span> 
     </span>
     <span class='ocr_line' id='line_1_3' title="bbox 176 257 629 298; baseline -0.002 -1"><span class='ocrx_word' id='word_1_14' title='bbox 176 258 430 298; x_wconf 68' lang='lat' dir='ltr'><strong>tus-consulta</strong></span> <span class='ocrx_word' id='word_1_15' title='bbox 447 257 629 296; x_wconf 89' lang='lat' dir='ltr'><strong>fecerunt.</strong></span> 
     </span>
    </p>

    <p class='ocr_par' dir='ltr' id='par_1_3' title="bbox 235 311 1304 366">
     <span class='ocr_line' id='line_1_4' title="bbox 235 311 1304 366; baseline 0.003 -16"><span class='ocrx_word' id='word_1_16' title='bbox 235 311 368 350; x_wconf 91' lang='lat' dir='ltr'><strong>Potuit</strong></span> <span class='ocrx_word' id='word_1_17' title='bbox 386 312 509 363; x_wconf 84' lang='lat' dir='ltr'><strong>magis</strong></span> <span class='ocrx_word' id='word_1_18' title='bbox 521 311 666 351; x_wconf 84' lang='lat' dir='ltr'><strong>fundus</strong></span> <span class='ocrx_word' id='word_1_19' title='bbox 677 313 846 364; x_wconf 88' lang='lat' dir='ltr'><strong>populus</strong></span> <span class='ocrx_word' id='word_1_20' title='bbox 860 312 1076 352; x_wconf 82' lang='lat' dir='ltr'><strong>Gaditanus</strong></span> <span class='ocrx_word' id='word_1_21' title='bbox 1088 313 1169 352; x_wconf 90' lang='lat' dir='ltr'><strong>fieri</strong></span> <span class='ocrx_word' id='word_1_22' title='bbox 1189 317 1304 366; x_wconf 87' lang='lat' dir='ltr'><strong>(quo-</strong></span> 
     </span>
    </p>

    <p class='ocr_par' dir='ltr' id='par_1_4' title="bbox 176 366 1309 2026">
     <span class='ocr_line' id='line_1_5' title="bbox 181 366 1304 418; baseline 0.004 -14"><span class='ocrx_word' id='word_1_23' title='bbox 181 366 286 404; x_wconf 88' lang='lat' dir='ltr'><strong>niam</strong></span> <span class='ocrx_word' id='word_1_24' title='bbox 319 366 391 404; x_wconf 92' lang='lat' dir='ltr'><strong>hoc</strong></span> <span class='ocrx_word' id='word_1_25' title='bbox 421 379 653 418; x_wconf 87' lang='lat' dir='ltr'>magnopere</span> <span class='ocrx_word' id='word_1_26' title='bbox 683 366 868 405; x_wconf 83' lang='lat' dir='ltr'><strong>delectare</strong></span> <span class='ocrx_word' id='word_1_27' title='bbox 902 369 1048 415; x_wconf 78' lang='lat' dir='ltr'><strong>verbo),</strong></span> <span class='ocrx_word' id='word_1_28' title='bbox 1081 368 1111 405; x_wconf 91' lang='lat' dir='ltr'><strong>si</strong></span> <span class='ocrx_word' id='word_1_29' title='bbox 1143 376 1226 406; x_wconf 82' lang='lat' dir='ltr'><strong>tum</strong></span> <span class='ocrx_word' id='word_1_30' title='bbox 1259 369 1304 408; x_wconf 86' lang='lat' dir='ltr'><strong>fit</strong></span> 
     </span>
     <span class='ocr_line' id='line_1_6' title="bbox 180 419 1304 470; baseline 0.003 -13"><span class='ocrx_word' id='word_1_31' title='bbox 180 419 340 467; x_wconf 80' lang='lat' dir='ltr'><strong>fundus,</strong></span> <span class='ocrx_word' id='word_1_32' title='bbox 361 432 450 458; x_wconf 90' lang='lat' dir='ltr'><strong>cum</strong></span> <span class='ocrx_word' id='word_1_33' title='bbox 470 421 562 459; x_wconf 88' lang='lat' dir='ltr'><strong>scita</strong></span> <span class='ocrx_word' id='word_1_34' title='bbox 580 434 623 459; x_wconf 87' lang='lat' dir='ltr'><strong>ac</strong></span> <span class='ocrx_word' id='word_1_35' title='bbox 639 422 745 470; x_wconf 85' lang='lat' dir='ltr'><strong>jussa</strong></span> <span class='ocrx_word' id='word_1_36' title='bbox 759 428 888 460; x_wconf 89' lang='lat' dir='ltr'><strong>nostra</strong></span> <span class='ocrx_word' id='word_1_37' title='bbox 907 421 977 459; x_wconf 63' lang='lat' dir='ltr'><strong>sua</strong></span> <span class='ocrx_word' id='word_1_38' title='bbox 996 420 1181 460; x_wconf 67' lang='lat' dir='ltr'><strong>sententia</strong></span> <span class='ocrx_word' id='word_1_39' title='bbox 1200 435 1304 460; x_wconf 85' lang='lat' dir='ltr'><strong>com-</strong></span> 
     </span>
     <span class='ocr_line' id='line_1_7' title="bbox 181 474 1304 526; baseline 0.003 -15"><span class='ocrx_word' id='word_1_40' title='bbox 181 475 332 525; x_wconf 84' lang='lat' dir='ltr'><strong>probat,</strong></span> <span class='ocrx_word' id='word_1_41' title='bbox 367 487 485 526; x_wconf 89' lang='lat' dir='ltr'><strong>quam</strong></span> <span class='ocrx_word' id='word_1_42' title='bbox 519 487 606 512; x_wconf 91' lang='lat' dir='ltr'><strong>cum</strong></span> <span class='ocrx_word' id='word_1_43' title='bbox 636 475 846 526; x_wconf 86' lang='lat' dir='ltr'><strong>hospitium</strong></span> <span class='ocrx_word' id='word_1_44' title='bbox 876 474 978 523; x_wconf 78' lang='lat' dir='ltr'><strong>fecit,</strong></span> <span class='ocrx_word' id='word_1_45' title='bbox 1007 482 1051 513; x_wconf 85' lang='lat' dir='ltr'><strong>ut</strong></span> <span class='ocrx_word' id='word_1_46' title='bbox 1084 483 1121 514; x_wconf 91' lang='lat' dir='ltr'><strong>et</strong></span> <span class='ocrx_word' id='word_1_47' title='bbox 1153 476 1304 515; x_wconf 85' lang='lat' dir='ltr'><strong>civitate</strong></span> 
     </span>
     <span class='ocr_line' id='line_1_8' title="bbox 181 528 1305 578; baseline 0.004 -13"><span class='ocrx_word' id='word_1_48' title='bbox 181 528 295 565; x_wconf 88' lang='lat' dir='ltr'><strong>illum</strong></span> <span class='ocrx_word' id='word_1_49' title='bbox 306 534 502 566; x_wconf 87' lang='lat' dir='ltr'><strong>mutatum</strong></span> <span class='ocrx_word' id='word_1_50' title='bbox 516 542 594 567; x_wconf 86' lang='lat' dir='ltr'><strong>esse</strong></span> <span class='ocrx_word' id='word_1_51' title='bbox 606 528 801 576; x_wconf 75' lang='lat' dir='ltr'><strong>fateretur,</strong></span> <span class='ocrx_word' id='word_1_52' title='bbox 812 536 849 567; x_wconf 85' lang='lat' dir='ltr'><strong>et</strong></span> <span class='ocrx_word' id='word_1_53' title='bbox 858 529 976 578; x_wconf 89' lang='lat' dir='ltr'><strong>hujus</strong></span> <span class='ocrx_word' id='word_1_54' title='bbox 990 529 1150 568; x_wconf 88' lang='lat' dir='ltr'><strong>civitatis</strong></span> <span class='ocrx_word' id='word_1_55' title='bbox 1161 529 1305 570; x_wconf 85' lang='lat' dir='ltr'><strong>honore</strong></span> 
     </span>
     <span class='ocr_line' id='line_1_9' title="bbox 181 581 1306 636; baseline 0.003 -17"><span class='ocrx_word' id='word_1_56' title='bbox 181 581 454 633; x_wconf 87' lang='lat' dir='ltr'><strong>dignissimum</strong></span> <span class='ocrx_word' id='word_1_57' title='bbox 477 583 698 632; x_wconf 85' lang='lat' dir='ltr'><strong>judicaret?</strong></span> <span class='ocrx_word' id='word_1_58' title='bbox 742 583 876 621; x_wconf 84' lang='lat' dir='ltr'><strong>Potuit</strong></span> <span class='ocrx_word' id='word_1_59' title='bbox 900 584 1037 621; x_wconf 88' lang='lat' dir='ltr'><strong>certius</strong></span> <span class='ocrx_word' id='word_1_60' title='bbox 1066 584 1306 636; x_wconf 83' lang='lat' dir='ltr'><strong>interponere</strong></span> 
     </span>
     <span class='ocr_line' id='line_1_10' title="bbox 177 635 1304 688; baseline 0.004 -15"><span class='ocrx_word' id='word_1_61' title='bbox 177 635 369 686; x_wconf 90' lang='lat' dir='ltr'><strong>judicium</strong></span> <span class='ocrx_word' id='word_1_62' title='bbox 388 636 595 674; x_wconf 89' lang='lat' dir='ltr'><strong>voluntatis</strong></span> <span class='ocrx_word' id='word_1_63' title='bbox 615 650 707 685; x_wconf 84' lang='lat' dir='ltr'><strong>suae,</strong></span> <span class='ocrx_word' id='word_1_64' title='bbox 729 650 846 688; x_wconf 88' lang='lat' dir='ltr'><strong>quam</strong></span> <span class='ocrx_word' id='word_1_65' title='bbox 868 650 956 675; x_wconf 89' lang='lat' dir='ltr'><strong>cum</strong></span> <span class='ocrx_word' id='word_1_66' title='bbox 976 637 1091 676; x_wconf 88' lang='lat' dir='ltr'><strong>etiam</strong></span> <span class='ocrx_word' id='word_1_67' title='bbox 1111 646 1304 677; x_wconf 84' lang='lat' dir='ltr'><strong>accusato-</strong></span> 
     </span>
     <span class='ocr_line' id='line_1_11' title="bbox 180 690 1305 744; baseline 0.004 -17"><span class='ocrx_word' id='word_1_68' title='bbox 180 703 262 728; x_wconf 85' lang='lat' dir='ltr'><strong>rem</strong></span> <span class='ocrx_word' id='word_1_69' title='bbox 280 690 399 739; x_wconf 86' lang='lat' dir='ltr'><strong>hujus</strong></span> <span class='ocrx_word' id='word_1_70' title='bbox 428 691 554 728; x_wconf 58' lang='lat' dir='ltr'><strong>multa</strong></span> <span class='ocrx_word' id='word_1_71' title='bbox 580 697 617 729; x_wconf 86' lang='lat' dir='ltr'><strong>et</strong></span> <span class='ocrx_word' id='word_1_72' title='bbox 642 691 755 742; x_wconf 66' lang='lat' dir='ltr'><strong>poena</strong></span> <span class='ocrx_word' id='word_1_73' title='bbox 780 691 994 729; x_wconf 79' lang='lat' dir='ltr'><strong>multavit?</strong></span> <span class='ocrx_word' id='word_1_74' title='bbox 1025 692 1159 730; x_wconf 88' lang='lat' dir='ltr'><strong>Potuit</strong></span> <span class='ocrx_word' id='word_1_75' title='bbox 1181 693 1305 744; x_wconf 84' lang='lat' dir='ltr'><strong>magis</strong></span> 
     </span>
     <span class='ocr_line' id='line_1_12' title="bbox 180 743 1307 796; baseline 0.003 -15"><span class='ocrx_word' id='word_1_76' title='bbox 180 743 228 782; x_wconf 90' lang='lat' dir='ltr'><strong>de</strong></span> <span class='ocrx_word' id='word_1_77' title='bbox 246 757 286 782; x_wconf 93' lang='lat' dir='ltr'><strong>re</strong></span> <span class='ocrx_word' id='word_1_78' title='bbox 301 744 486 793; x_wconf 80' lang='lat' dir='ltr'><strong>judicare,</strong></span> <span class='ocrx_word' id='word_1_79' title='bbox 507 758 626 796; x_wconf 90' lang='lat' dir='ltr'><strong>quam</strong></span> <span class='ocrx_word' id='word_1_80' title='bbox 645 758 734 783; x_wconf 88' lang='lat' dir='ltr'><strong>cum</strong></span> <span class='ocrx_word' id='word_1_81' title='bbox 755 745 803 783; x_wconf 89' lang='lat' dir='ltr'><strong>ad</strong></span> <span class='ocrx_word' id='word_1_82' title='bbox 823 753 989 784; x_wconf 85' lang='lat' dir='ltr'><strong>vestrum</strong></span> <span class='ocrx_word' id='word_1_83' title='bbox 1003 746 1195 795; x_wconf 87' lang='lat' dir='ltr'><strong>judicium</strong></span> <span class='ocrx_word' id='word_1_84' title='bbox 1208 747 1307 785; x_wconf 87' lang='lat' dir='ltr'><strong>cives</strong></span> 
     </span>
     <span class='ocr_line' id='line_1_13' title="bbox 180 798 1306 849; baseline 0.004 -14"><span class='ocrx_word' id='word_1_85' title='bbox 180 798 437 849; x_wconf 86' lang='lat' dir='ltr'><strong>amplissimos</strong></span> <span class='ocrx_word' id='word_1_86' title='bbox 461 799 616 849; x_wconf 84' lang='lat' dir='ltr'><strong>legavit,</strong></span> <span class='ocrx_word' id='word_1_87' title='bbox 642 806 753 838; x_wconf 85' lang='lat' dir='ltr'><strong>testes</strong></span> <span class='ocrx_word' id='word_1_88' title='bbox 778 800 897 849; x_wconf 89' lang='lat' dir='ltr'><strong>hujus</strong></span> <span class='ocrx_word' id='word_1_89' title='bbox 917 800 1028 849; x_wconf 79' lang='lat' dir='ltr'><strong>juris,</strong></span> <span class='ocrx_word' id='word_1_90' title='bbox 1056 800 1144 838; x_wconf 87' lang='lat' dir='ltr'><strong>vitae</strong></span> <span class='ocrx_word' id='word_1_91' title='bbox 1170 801 1306 839; x_wconf 87' lang='lat' dir='ltr'><strong>lauda-</strong></span> 
     </span>
     <span class='ocr_line' id='line_1_14' title="bbox 180 852 1308 906; baseline 0.003 -16"><span class='ocrx_word' id='word_1_92' title='bbox 180 859 294 899; x_wconf 78' lang='lat' dir='ltr'><strong>tores,</strong></span> <span class='ocrx_word' id='word_1_93' title='bbox 324 852 482 904; x_wconf 90' lang='lat' dir='ltr'><strong>periculi</strong></span> <span class='ocrx_word' id='word_1_94' title='bbox 515 853 805 905; x_wconf 78' lang='lat' dir='ltr'><strong>deprecatores?</strong></span> <span class='ocrx_word' id='word_1_95' title='bbox 834 854 993 892; x_wconf 87' lang='lat' dir='ltr'><strong>Etenim</strong></span> <span class='ocrx_word' id='word_1_96' title='bbox 1025 853 1111 906; x_wconf 90' lang='lat' dir='ltr'><strong>quis</strong></span> <span class='ocrx_word' id='word_1_97' title='bbox 1142 862 1198 893; x_wconf 90' lang='lat' dir='ltr'><strong>est</strong></span> <span class='ocrx_word' id='word_1_98' title='bbox 1227 862 1308 895; x_wconf 87' lang='lat' dir='ltr'><strong>tam</strong></span> 
     </span>
     <span class='ocr_line' id='line_1_15' title="bbox 179 906 1309 958; baseline 0.003 -15"><span class='ocrx_word' id='word_1_99' title='bbox 179 906 350 954; x_wconf 74' lang='lat' dir='ltr'><strong>demens,</strong></span> <span class='ocrx_word' id='word_1_100' title='bbox 371 906 465 958; x_wconf 86' lang='lat' dir='ltr'><strong>quin</strong></span> <span class='ocrx_word' id='word_1_101' title='bbox 485 908 634 955; x_wconf 84' lang='lat' dir='ltr'><strong>sentiat,</strong></span> <span class='ocrx_word' id='word_1_102' title='bbox 651 909 716 957; x_wconf 89' lang='lat' dir='ltr'><strong>jus</strong></span> <span class='ocrx_word' id='word_1_103' title='bbox 730 908 802 946; x_wconf 91' lang='lat' dir='ltr'><strong>hoc</strong></span> <span class='ocrx_word' id='word_1_104' title='bbox 823 907 1025 946; x_wconf 83' lang='lat' dir='ltr'><strong>Gaditanis</strong></span> <span class='ocrx_word' id='word_1_105' title='bbox 1044 921 1123 946; x_wconf 88' lang='lat' dir='ltr'><strong>esse</strong></span> <span class='ocrx_word' id='word_1_106' title='bbox 1142 909 1309 948; x_wconf 86' lang='lat' dir='ltr'><strong>retinen-</strong></span> 
     </span>
     <span class='ocr_line' id='line_1_16' title="bbox 179 959 1307 1014; baseline 0.004 -17"><span class='ocrx_word' id='word_1_107' title='bbox 179 959 290 1006; x_wconf 79' lang='lat' dir='ltr'><strong>dum,</strong></span> <span class='ocrx_word' id='word_1_108' title='bbox 311 973 359 998; x_wconf 91' lang='lat' dir='ltr'><strong>ne</strong></span> <span class='ocrx_word' id='word_1_109' title='bbox 378 960 629 1013; x_wconf 84' lang='lat' dir='ltr'><strong>interseptum</strong></span> <span class='ocrx_word' id='word_1_110' title='bbox 642 962 690 1000; x_wconf 84' lang='lat' dir='ltr'><strong>sit</strong></span> <span class='ocrx_word' id='word_1_111' title='bbox 709 962 754 1000; x_wconf 90' lang='lat' dir='ltr'><strong>iis</strong></span> <span class='ocrx_word' id='word_1_112' title='bbox 773 962 844 1000; x_wconf 89' lang='lat' dir='ltr'><strong>iter</strong></span> <span class='ocrx_word' id='word_1_113' title='bbox 862 969 1046 1014; x_wconf 88' lang='lat' dir='ltr'><strong>perpetuo</strong></span> <span class='ocrx_word' id='word_1_114' title='bbox 1065 962 1114 1000; x_wconf 91' lang='lat' dir='ltr'><strong>ad</strong></span> <span class='ocrx_word' id='word_1_115' title='bbox 1132 963 1205 1002; x_wconf 92' lang='lat' dir='ltr'><strong>hoc</strong></span> <span class='ocrx_word' id='word_1_116' title='bbox 1223 976 1307 1001; x_wconf 88' lang='lat' dir='ltr'><strong>am-</strong></span> 
     </span>
     <span class='ocr_line' id='line_1_17' title="bbox 180 1014 1307 1069; baseline 0.004 -17"><span class='ocrx_word' id='word_1_117' title='bbox 180 1014 398 1066; x_wconf 86' lang='lat' dir='ltr'><strong>plissimum</strong></span> <span class='ocrx_word' id='word_1_118' title='bbox 418 1015 623 1066; x_wconf 88' lang='lat' dir='ltr'><strong>praemium</strong></span> <span class='ocrx_word' id='word_1_119' title='bbox 642 1016 828 1062; x_wconf 89' lang='lat' dir='ltr'><strong>civitatis;</strong></span> <span class='ocrx_word' id='word_1_120' title='bbox 861 1025 899 1055; x_wconf 90' lang='lat' dir='ltr'><strong>et</strong></span> <span class='ocrx_word' id='word_1_121' title='bbox 917 1029 1149 1069; x_wconf 87' lang='lat' dir='ltr'><strong>magnopere</strong></span> <span class='ocrx_word' id='word_1_122' title='bbox 1163 1017 1209 1055; x_wconf 91' lang='lat' dir='ltr'><strong>iis</strong></span> <span class='ocrx_word' id='word_1_123' title='bbox 1227 1031 1307 1057; x_wconf 91' lang='lat' dir='ltr'><strong>esse</strong></span> 
     </span>
     <span class='ocr_line' id='line_1_18' title="bbox 179 1068 1308 1122; baseline 0.004 -16"><span class='ocrx_word' id='word_1_124' title='bbox 179 1068 404 1116; x_wconf 74' lang='lat' dir='ltr'><strong>laetandum,</strong></span> <span class='ocrx_word' id='word_1_125' title='bbox 417 1069 535 1118; x_wconf 89' lang='lat' dir='ltr'><strong>hujus</strong></span> <span class='ocrx_word' id='word_1_126' title='bbox 547 1070 596 1108; x_wconf 87' lang='lat' dir='ltr'><strong>L.</strong></span> <span class='ocrx_word' id='word_1_127' title='bbox 613 1070 782 1109; x_wconf 91' lang='lat' dir='ltr'><strong>Cornelii</strong></span> <span class='ocrx_word' id='word_1_128' title='bbox 800 1071 1105 1109; x_wconf 87' lang='lat' dir='ltr'><strong>benevolentiam</strong></span> <span class='ocrx_word' id='word_1_129' title='bbox 1118 1084 1208 1122; x_wconf 85' lang='lat' dir='ltr'><strong>erga</strong></span> <span class='ocrx_word' id='word_1_130' title='bbox 1219 1084 1308 1110; x_wconf 89' lang='lat' dir='ltr'><strong>suos</strong></span> 
     </span>
     <span class='ocr_line' id='line_1_19' title="bbox 178 1122 1305 1175; baseline 0.003 -15"><span class='ocrx_word' id='word_1_131' title='bbox 178 1135 374 1161; x_wconf 88' lang='lat' dir='ltr'><strong>remanere</strong></span> <span class='ocrx_word' id='word_1_132' title='bbox 394 1122 594 1170; x_wconf 76' lang='lat' dir='ltr'><strong>Gadibus3</strong></span> <span class='ocrx_word' id='word_1_133' title='bbox 625 1124 787 1175; x_wconf 81' lang='lat' dir='ltr'><strong>gratiam</strong></span> <span class='ocrx_word' id='word_1_134' title='bbox 811 1132 848 1163; x_wconf 87' lang='lat' dir='ltr'><strong>et</strong></span> <span class='ocrx_word' id='word_1_135' title='bbox 866 1125 1088 1163; x_wconf 86' lang='lat' dir='ltr'><strong>facultatem</strong></span> <span class='ocrx_word' id='word_1_136' title='bbox 1109 1138 1305 1164; x_wconf 87' lang='lat' dir='ltr'><strong>commen-</strong></span> 
     </span>
     <span class='ocr_line' id='line_1_20' title="bbox 178 1175 1305 1227; baseline 0.002 -13"><span class='ocrx_word' id='word_1_137' title='bbox 178 1175 295 1215; x_wconf 89' lang='lat' dir='ltr'><strong>dandi</strong></span> <span class='ocrx_word' id='word_1_138' title='bbox 324 1177 365 1215; x_wconf 91' lang='lat' dir='ltr'><strong>in</strong></span> <span class='ocrx_word' id='word_1_139' title='bbox 394 1177 466 1215; x_wconf 90' lang='lat' dir='ltr'><strong>hac</strong></span> <span class='ocrx_word' id='word_1_140' title='bbox 494 1177 645 1216; x_wconf 85' lang='lat' dir='ltr'><strong>civitate</strong></span> <span class='ocrx_word' id='word_1_141' title='bbox 674 1179 845 1217; x_wconf 81' lang='lat' dir='ltr'><strong>versari?</strong></span> <span class='ocrx_word' id='word_1_142' title='bbox 875 1178 976 1227; x_wconf 86' lang='lat' dir='ltr'><strong>Quis</strong></span> <span class='ocrx_word' id='word_1_143' title='bbox 999 1179 1102 1217; x_wconf 91' lang='lat' dir='ltr'><strong>enim</strong></span> <span class='ocrx_word' id='word_1_144' title='bbox 1132 1182 1305 1218; x_wconf 67' lang='lat' dir='ltr'><strong>nostrum</strong></span> 
     </span>
     <span class='ocr_line' id='line_1_21' title="bbox 180 1231 1306 1283; baseline 0.003 -14"><span class='ocrx_word' id='word_1_145' title='bbox 180 1238 250 1279; x_wconf 84' lang='lat' dir='ltr'><strong>est,</strong></span> <span class='ocrx_word' id='word_1_146' title='bbox 271 1231 333 1270; x_wconf 91' lang='lat' dir='ltr'><strong>cui</strong></span> <span class='ocrx_word' id='word_1_147' title='bbox 352 1243 429 1269; x_wconf 92' lang='lat' dir='ltr'><strong>non</strong></span> <span class='ocrx_word' id='word_1_148' title='bbox 449 1231 516 1270; x_wconf 87' lang='lat' dir='ltr'><strong>illa</strong></span> <span class='ocrx_word' id='word_1_149' title='bbox 535 1232 665 1271; x_wconf 86' lang='lat' dir='ltr'><strong>civitas</strong></span> <span class='ocrx_word' id='word_1_150' title='bbox 684 1232 746 1281; x_wconf 86' lang='lat' dir='ltr'><strong>sit,</strong></span> <span class='ocrx_word' id='word_1_151' title='bbox 775 1232 894 1283; x_wconf 87' lang='lat' dir='ltr'><strong>hujus</strong></span> <span class='ocrx_word' id='word_1_152' title='bbox 916 1232 1057 1282; x_wconf 78' lang='lat' dir='ltr'><strong>studio,</strong></span> <span class='ocrx_word' id='word_1_153' title='bbox 1085 1233 1192 1282; x_wconf 62' lang='lat' dir='ltr'><strong>cura,</strong></span> <span class='ocrx_word' id='word_1_154' title='bbox 1217 1233 1306 1272; x_wconf 90' lang='lat' dir='ltr'><strong>dili-</strong></span> 
     </span>
     <span class='ocr_line' id='line_1_22' title="bbox 178 1285 678 1336; baseline 0.004 -13"><span class='ocrx_word' id='word_1_155' title='bbox 178 1285 324 1336; x_wconf 65' lang='lat' dir='ltr'><strong>gentia,</strong></span> <span class='ocrx_word' id='word_1_156' title='bbox 345 1285 646 1324; x_wconf 86' lang='lat' dir='ltr'><strong>commendatior</strong></span> <span class='ocrx_word' id='word_1_157' title='bbox 660 1288 678 1325; x_wconf 83' lang='lat'><strong>?</strong></span> 
     </span>
     <span class='ocr_line' id='line_1_23' title="bbox 178 1338 1307 1392; baseline 0.003 -15"><span class='ocrx_word' id='word_1_158' title='bbox 178 1379 180 1382; x_wconf 71' lang='grc'><strong>,</strong></span> <span class='ocrx_word' id='word_1_159' title='bbox 238 1338 359 1377; x_wconf 88' lang='grc' dir='ltr'>ΧΙΧ.</span> <span class='ocrx_word' id='word_1_160' title='bbox 380 1338 548 1388; x_wconf 82' lang='lat' dir='ltr'><strong>Omitto,</strong></span> <span class='ocrx_word' id='word_1_161' title='bbox 562 1340 716 1390; x_wconf 88' lang='lat' dir='ltr'><strong>quantis</strong></span> <span class='ocrx_word' id='word_1_162' title='bbox 728 1340 963 1379; x_wconf 88' lang='lat' dir='ltr'><strong>ornamentis</strong></span> <span class='ocrx_word' id='word_1_163' title='bbox 980 1342 1171 1392; x_wconf 88' lang='lat' dir='ltr'><strong>populum</strong></span> <span class='ocrx_word' id='word_1_164' title='bbox 1186 1341 1307 1380; x_wconf 88' lang='lat' dir='ltr'><strong>istum</strong></span> 
     </span>
     <span class='ocr_line' id='line_1_24' title="bbox 186 1391 1305 1446; baseline 0.004 -16"><span class='ocrx_word' id='word_1_165' title='bbox 186 1391 232 1430; x_wconf 88' lang='lat' dir='ltr'><strong>C.</strong></span> <span class='ocrx_word' id='word_1_166' title='bbox 260 1392 401 1439; x_wconf 77' lang='lat' dir='ltr'><strong>Caesar,</strong></span> <span class='ocrx_word' id='word_1_167' title='bbox 428 1405 517 1430; x_wconf 92' lang='lat' dir='ltr'><strong>cum</strong></span> <span class='ocrx_word' id='word_1_168' title='bbox 548 1400 643 1431; x_wconf 88' lang='lat' dir='ltr'><strong>esset</strong></span> <span class='ocrx_word' id='word_1_169' title='bbox 667 1393 708 1431; x_wconf 92' lang='lat' dir='ltr'><strong>in</strong></span> <span class='ocrx_word' id='word_1_170' title='bbox 732 1393 924 1445; x_wconf 70' lang='lat' dir='ltr'><strong>Hispania</strong></span> <span class='ocrx_word' id='word_1_171' title='bbox 948 1403 1100 1446; x_wconf 70' lang='lat' dir='ltr'><strong>praetor,</strong></span> <span class='ocrx_word' id='word_1_172' title='bbox 1124 1395 1305 1444; x_wconf 85' lang='lat' dir='ltr'><strong>affecerit,</strong></span> 
     </span>
     <span class='ocr_line' id='line_1_25' title="bbox 183 1446 1308 1500; baseline 0.004 -17"><span class='ocrx_word' id='word_1_173' title='bbox 183 1446 453 1484; x_wconf 88' lang='lat' dir='ltr'><strong>controversias</strong></span> <span class='ocrx_word' id='word_1_174' title='bbox 473 1446 626 1494; x_wconf 61' lang='lat' dir='ltr'><strong>sedarit,</strong></span> <span class='ocrx_word' id='word_1_175' title='bbox 643 1448 746 1496; x_wconf 74' lang='lat' dir='ltr'><strong>jura,</strong></span> <span class='ocrx_word' id='word_1_176' title='bbox 766 1448 936 1499; x_wconf 88' lang='lat' dir='ltr'><strong>ipsorum</strong></span> <span class='ocrx_word' id='word_1_177' title='bbox 957 1449 1159 1500; x_wconf 79' lang='lat' dir='ltr'><strong>permissu,</strong></span> <span class='ocrx_word' id='word_1_178' title='bbox 1187 1456 1308 1488; x_wconf 89' lang='lat' dir='ltr'><strong>statu-</strong></span> 
     </span>
     <span class='ocr_line' id='line_1_26' title="bbox 180 1500 1306 1552; baseline 0.004 -15"><span class='ocrx_word' id='word_1_179' title='bbox 180 1500 280 1545; x_wconf 77' lang='lat' dir='ltr'><strong>erit3</strong></span> <span class='ocrx_word' id='word_1_180' title='bbox 309 1500 558 1538; x_wconf 88' lang='lat' dir='ltr'><strong>inveteratam</strong></span> <span class='ocrx_word' id='word_1_181' title='bbox 589 1501 784 1552; x_wconf 88' lang='lat' dir='ltr'><strong>quondam</strong></span> <span class='ocrx_word' id='word_1_182' title='bbox 816 1503 1034 1540; x_wconf 84' lang='lat' dir='ltr'><strong>barbariam</strong></span> <span class='ocrx_word' id='word_1_183' title='bbox 1065 1516 1113 1541; x_wconf 83' lang='lat' dir='ltr'><strong>ex</strong></span> <span class='ocrx_word' id='word_1_184' title='bbox 1144 1503 1306 1542; x_wconf 86' lang='lat' dir='ltr'><strong>Gadita·</strong></span> 
     </span>
     <span class='ocr_line' id='line_1_27' title="bbox 176 1554 1306 1607; baseline 0.004 -16"><span class='ocrx_word' id='word_1_185' title='bbox 176 1565 318 1592; x_wconf 90' lang='lat' dir='ltr'><strong>norum</strong></span> <span class='ocrx_word' id='word_1_186' title='bbox 350 1555 522 1592; x_wconf 88' lang='lat' dir='ltr'><strong>moribus</strong></span> <span class='ocrx_word' id='word_1_187' title='bbox 553 1554 831 1607; x_wconf 63' lang='lat' dir='ltr'><strong>disciplinaque</strong></span> <span class='ocrx_word' id='word_1_188' title='bbox 868 1556 1003 1594; x_wconf 72' lang='lat' dir='ltr'><strong>delerit</strong></span> <span class='ocrx_word' id='word_1_189' title='bbox 1019 1570 1031 1602; x_wconf 88' lang='grc'>;</span> <span class='ocrx_word' id='word_1_190' title='bbox 1074 1569 1229 1595; x_wconf 86' lang='lat' dir='ltr'><strong>summa</strong></span> <span class='ocrx_word' id='word_1_191' title='bbox 1264 1557 1306 1596; x_wconf 89' lang='lat' dir='ltr'><strong>in</strong></span> 
     </span>
     <span class='ocr_line' id='line_1_28' title="bbox 179 1607 1306 1660; baseline 0.004 -14"><span class='ocrx_word' id='word_1_192' title='bbox 179 1620 265 1646; x_wconf 88' lang='lat' dir='ltr'><strong>eam</strong></span> <span class='ocrx_word' id='word_1_193' title='bbox 284 1607 489 1656; x_wconf 80' lang='lat' dir='ltr'><strong>civitatem,</strong></span> <span class='ocrx_word' id='word_1_194' title='bbox 510 1608 628 1658; x_wconf 90' lang='lat' dir='ltr'><strong>hujus</strong></span> <span class='ocrx_word' id='word_1_195' title='bbox 646 1616 796 1660; x_wconf 81' lang='lat' dir='ltr'><strong>rogatu,</strong></span> <span class='ocrx_word' id='word_1_196' title='bbox 813 1610 939 1648; x_wconf 88' lang='lat' dir='ltr'><strong>studia</strong></span> <span class='ocrx_word' id='word_1_197' title='bbox 959 1617 996 1648; x_wconf 91' lang='lat' dir='ltr'><strong>et</strong></span> <span class='ocrx_word' id='word_1_198' title='bbox 1013 1610 1198 1650; x_wconf 89' lang='lat' dir='ltr'><strong>beneficia</strong></span> <span class='ocrx_word' id='word_1_199' title='bbox 1216 1624 1306 1650; x_wconf 90' lang='lat' dir='ltr'><strong>con-</strong></span> 
     </span>
     <span class='ocr_line' id='line_1_29' title="bbox 178 1661 1306 1716; baseline 0.004 -17"><span class='ocrx_word' id='word_1_200' title='bbox 178 1662 320 1700; x_wconf 90' lang='lat' dir='ltr'><strong>tulerit.</strong></span> <span class='ocrx_word' id='word_1_201' title='bbox 351 1661 485 1700; x_wconf 89' lang='lat' dir='ltr'><strong>Multa</strong></span> <span class='ocrx_word' id='word_1_202' title='bbox 502 1670 697 1714; x_wconf 77' lang='lat' dir='ltr'><strong>praetereo,</strong></span> <span class='ocrx_word' id='word_1_203' title='bbox 724 1677 812 1715; x_wconf 90' lang='lat' dir='ltr'><strong>quae</strong></span> <span class='ocrx_word' id='word_1_204' title='bbox 831 1664 1016 1715; x_wconf 68' lang='lat' dir='ltr'><strong>quotidie,</strong></span> <span class='ocrx_word' id='word_1_205' title='bbox 1036 1665 1166 1704; x_wconf 90' lang='lat' dir='ltr'><strong>labore</strong></span> <span class='ocrx_word' id='word_1_206' title='bbox 1184 1665 1306 1716; x_wconf 89' lang='lat' dir='ltr'><strong>hujus</strong></span> 
     </span>
     <span class='ocr_line' id='line_1_30' title="bbox 179 1716 1307 1771; baseline 0.004 -17"><span class='ocrx_word' id='word_1_207' title='bbox 179 1723 218 1754; x_wconf 86' lang='lat' dir='ltr'><strong>et</strong></span> <span class='ocrx_word' id='word_1_208' title='bbox 236 1716 375 1765; x_wconf 81' lang='lat' dir='ltr'><strong>studio,</strong></span> <span class='ocrx_word' id='word_1_209' title='bbox 396 1723 464 1754; x_wconf 86' lang='lat' dir='ltr'><strong>aut</strong></span> <span class='ocrx_word' id='word_1_210' title='bbox 481 1717 653 1765; x_wconf 88' lang='lat' dir='ltr'><strong>omnino,</strong></span> <span class='ocrx_word' id='word_1_211' title='bbox 676 1725 745 1756; x_wconf 88' lang='lat' dir='ltr'><strong>aut</strong></span> <span class='ocrx_word' id='word_1_212' title='bbox 763 1725 861 1756; x_wconf 87' lang='lat' dir='ltr'><strong>certe</strong></span> <span class='ocrx_word' id='word_1_213' title='bbox 879 1718 1043 1765; x_wconf 73' lang='lat' dir='ltr'><strong>facilius,</strong></span> <span class='ocrx_word' id='word_1_214' title='bbox 1065 1732 1307 1771; x_wconf 91' lang='lat' dir='ltr'><strong>consequun-</strong></span> 
     </span>
     <span class='ocr_line' id='line_1_31' title="bbox 177 1771 1306 1823; baseline 0.004 -15"><span class='ocrx_word' id='word_1_215' title='bbox 177 1776 253 1808; x_wconf 89' lang='lat' dir='ltr'><strong>tur.</strong></span> <span class='ocrx_word' id='word_1_216' title='bbox 283 1771 422 1822; x_wconf 90' lang='lat' dir='ltr'><strong>Itaque</strong></span> <span class='ocrx_word' id='word_1_217' title='bbox 451 1777 489 1809; x_wconf 89' lang='lat' dir='ltr'><strong>et</strong></span> <span class='ocrx_word' id='word_1_218' title='bbox 518 1771 657 1810; x_wconf 87' lang='lat' dir='ltr'><strong>adsunt</strong></span> <span class='ocrx_word' id='word_1_219' title='bbox 681 1771 870 1823; x_wconf 87' lang='lat' dir='ltr'><strong>principes</strong></span> <span class='ocrx_word' id='word_1_220' title='bbox 901 1772 1077 1821; x_wconf 73' lang='lat' dir='ltr'><strong>civitatis,</strong></span> <span class='ocrx_word' id='word_1_221' title='bbox 1109 1780 1146 1812; x_wconf 89' lang='lat' dir='ltr'><strong>et</strong></span> <span class='ocrx_word' id='word_1_222' title='bbox 1174 1774 1306 1812; x_wconf 86' lang='lat' dir='ltr'><strong>defen-</strong></span> 
     </span>
     <span class='ocr_line' id='line_1_32' title="bbox 177 1822 1306 1876; baseline 0.004 -15"><span class='ocrx_word' id='word_1_223' title='bbox 177 1822 301 1870; x_wconf 81' lang='lat' dir='ltr'><strong>dunt3</strong></span> <span class='ocrx_word' id='word_1_224' title='bbox 331 1837 475 1873; x_wconf 77' lang='lat' dir='ltr'><strong>amore,</strong></span> <span class='ocrx_word' id='word_1_225' title='bbox 495 1831 541 1863; x_wconf 86' lang='lat' dir='ltr'><strong>ut</strong></span> <span class='ocrx_word' id='word_1_226' title='bbox 563 1838 678 1864; x_wconf 91' lang='lat' dir='ltr'><strong>suum</strong></span> <span class='ocrx_word' id='word_1_227' title='bbox 706 1826 854 1871; x_wconf 86' lang='lat' dir='ltr'><strong>civem;</strong></span> <span class='ocrx_word' id='word_1_228' title='bbox 886 1826 1117 1876; x_wconf 84' lang='lat' dir='ltr'><strong>testimonio,</strong></span> <span class='ocrx_word' id='word_1_229' title='bbox 1148 1834 1194 1866; x_wconf 88' lang='lat' dir='ltr'><strong>ut</strong></span> <span class='ocrx_word' id='word_1_230' title='bbox 1216 1840 1306 1866; x_wconf 92' lang='lat' dir='ltr'><strong>nos-</strong></span> 
     </span>
     <span class='ocr_line' id='line_1_33' title="bbox 177 1877 1306 1927; baseline 0.004 -12"><span class='ocrx_word' id='word_1_231' title='bbox 177 1884 308 1923; x_wconf 79' lang='lat' dir='ltr'><strong>trum3</strong></span> <span class='ocrx_word' id='word_1_232' title='bbox 338 1877 474 1927; x_wconf 84' lang='lat' dir='ltr'><strong>officio,</strong></span> <span class='ocrx_word' id='word_1_233' title='bbox 506 1885 552 1916; x_wconf 88' lang='lat' dir='ltr'><strong>ut</strong></span> <span class='ocrx_word' id='word_1_234' title='bbox 577 1893 625 1918; x_wconf 81' lang='lat' dir='ltr'><strong>ex</strong></span> <span class='ocrx_word' id='word_1_235' title='bbox 655 1880 893 1918; x_wconf 87' lang='lat' dir='ltr'><strong>nobilissimo</strong></span> <span class='ocrx_word' id='word_1_236' title='bbox 923 1880 996 1919; x_wconf 90' lang='lat' dir='ltr'><strong>civi</strong></span> <span class='ocrx_word' id='word_1_237' title='bbox 1021 1881 1306 1920; x_wconf 86' lang='lat' dir='ltr'><strong>sanctissimum</strong></span> 
     </span>
     <span class='ocr_line' id='line_1_34' title="bbox 178 1930 1306 1985; baseline 0.004 -16"><span class='ocrx_word' id='word_1_238' title='bbox 178 1930 395 1983; x_wconf 85' lang='lat' dir='ltr'><strong>hospitem;</strong></span> <span class='ocrx_word' id='word_1_239' title='bbox 436 1932 575 1982; x_wconf 83' lang='lat' dir='ltr'><strong>studio,</strong></span> <span class='ocrx_word' id='word_1_240' title='bbox 614 1941 659 1972; x_wconf 76' lang='lat' dir='ltr'><strong>ut</strong></span> <span class='ocrx_word' id='word_1_241' title='bbox 692 1933 1029 1985; x_wconf 85' lang='lat' dir='ltr'><strong>diligentissimum</strong></span> <span class='ocrx_word' id='word_1_242' title='bbox 1067 1935 1306 1974; x_wconf 86' lang='lat' dir='ltr'><strong>defensorem</strong></span> 
     </span>
     <span class='ocr_line' id='line_1_35' title="bbox 179 1985 660 2026; baseline 0.006 -3"><span class='ocrx_word' id='word_1_243' title='bbox 179 1985 469 2025; x_wconf 87' lang='lat' dir='ltr'><strong>commodorum</strong></span> <span class='ocrx_word' id='word_1_244' title='bbox 488 1999 660 2026; x_wconf 87' lang='lat' dir='ltr'><strong>suorum.</strong></span> 
     </span>
    </p>

    <p class='ocr_par' dir='ltr' id='par_1_5' title="bbox 178 2039 1305 2256">
     <span class='ocr_line' id='line_1_36' title="bbox 232 2039 1304 2096; baseline 0.006 -19"><span class='ocrx_word' id='word_1_245' title='bbox 232 2039 309 2088; x_wconf 85' lang='lat' dir='ltr'><strong>Ac,</strong></span> <span class='ocrx_word' id='word_1_246' title='bbox 325 2051 373 2079; x_wconf 92' lang='lat' dir='ltr'><strong>ne</strong></span> <span class='ocrx_word' id='word_1_247' title='bbox 386 2041 461 2092; x_wconf 91' lang='lat' dir='ltr'><strong>ipsi</strong></span> <span class='ocrx_word' id='word_1_248' title='bbox 480 2041 663 2080; x_wconf 86' lang='lat' dir='ltr'><strong>Gaditani</strong></span> <span class='ocrx_word' id='word_1_249' title='bbox 677 2042 922 2091; x_wconf 84' lang='lat' dir='ltr'><strong>arbitrentur,</strong></span> <span class='ocrx_word' id='word_1_250' title='bbox 935 2056 1174 2096; x_wconf 89' lang='lat' dir='ltr'><strong>quamquam</strong></span> <span class='ocrx_word' id='word_1_251' title='bbox 1193 2044 1304 2082; x_wconf 90' lang='lat' dir='ltr'><strong>nullo</strong></span> 
     </span>
     <span class='ocr_line' id='line_1_37' title="bbox 178 2091 1305 2145; baseline 0.005 -14"><span class='ocrx_word' id='word_1_252' title='bbox 178 2091 422 2133; x_wconf 86' lang='lat' dir='ltr'><strong>incommodo</strong></span> <span class='ocrx_word' id='word_1_253' title='bbox 446 2094 674 2145; x_wconf 84' lang='lat' dir='ltr'><strong>afficiantur,</strong></span> <span class='ocrx_word' id='word_1_254' title='bbox 695 2096 727 2135; x_wconf 89' lang='lat' dir='ltr'><strong>si</strong></span> <span class='ocrx_word' id='word_1_255' title='bbox 744 2096 856 2135; x_wconf 90' lang='lat' dir='ltr'><strong>liceat</strong></span> <span class='ocrx_word' id='word_1_256' title='bbox 874 2110 1007 2136; x_wconf 90' lang='lat' dir='ltr'><strong>eorum</strong></span> <span class='ocrx_word' id='word_1_257' title='bbox 1026 2098 1125 2137; x_wconf 87' lang='lat' dir='ltr'><strong>cives</strong></span> <span class='ocrx_word' id='word_1_258' title='bbox 1153 2097 1305 2137; x_wconf 78' lang='lat' dir='ltr'><strong>virtutis</strong></span> 
     </span>
     <span class='ocr_line' id='line_1_38' title="bbox 183 2146 1305 2203; baseline 0.004 -19"><span class='ocrx_word' id='word_1_259' title='bbox 183 2146 296 2185; x_wconf 64' lang='lat' dir='ltr'><strong>causa</strong></span> <span class='ocrx_word' id='word_1_260' title='bbox 318 2147 360 2186; x_wconf 91' lang='lat' dir='ltr'><strong>in</strong></span> <span class='ocrx_word' id='word_1_261' title='bbox 387 2155 557 2188; x_wconf 86' lang='lat' dir='ltr'><strong>nostram</strong></span> <span class='ocrx_word' id='word_1_262' title='bbox 586 2149 778 2189; x_wconf 89' lang='lat' dir='ltr'><strong>civitatem</strong></span> <span class='ocrx_word' id='word_1_263' title='bbox 804 2151 946 2199; x_wconf 87' lang='lat' dir='ltr'><strong>venire,</strong></span> <span class='ocrx_word' id='word_1_264' title='bbox 967 2158 1095 2190; x_wconf 88' lang='lat' dir='ltr'><strong>tamen</strong></span> <span class='ocrx_word' id='word_1_265' title='bbox 1119 2151 1192 2190; x_wconf 89' lang='lat' dir='ltr'><strong>hoc</strong></span> <span class='ocrx_word' id='word_1_266' title='bbox 1221 2152 1305 2203; x_wconf 90' lang='lat' dir='ltr'><strong>ipso</strong></span> 
     </span>
     <span class='ocr_line' id='line_1_39' title="bbox 178 2199 1303 2256; baseline 0.003 -16"><span class='ocrx_word' id='word_1_267' title='bbox 178 2199 336 2242; x_wconf 84' lang='lat' dir='ltr'><strong>inferius</strong></span> <span class='ocrx_word' id='word_1_268' title='bbox 356 2214 434 2243; x_wconf 87' lang='lat' dir='ltr'><strong>esse</strong></span> <span class='ocrx_word' id='word_1_269' title='bbox 453 2215 566 2244; x_wconf 86' lang='lat' dir='ltr'><strong>suurn</strong></span> <span class='ocrx_word' id='word_1_270' title='bbox 587 2203 724 2254; x_wconf 80' lang='lat' dir='ltr'><strong>foedus,</strong></span> <span class='ocrx_word' id='word_1_271' title='bbox 745 2217 865 2256; x_wconf 84' lang='lat' dir='ltr'><strong>quam</strong></span> <span class='ocrx_word' id='word_1_272' title='bbox 887 2212 1111 2248; x_wconf 76' lang='lat' dir='ltr'><strong>caeterorum</strong></span> <span class='ocrx_word' id='word_1_273' title='bbox 1128 2219 1141 2253; x_wconf 84' lang='lat'><em>3</em></span> <span class='ocrx_word' id='word_1_274' title='bbox 1171 2218 1303 2246; x_wconf 87' lang='lat' dir='ltr'><strong>conso-</strong></span> 
     </span>
    </p>
   </div>
  </div>
 </body>
</html>
