1509 2397
267 96 607 137 PHILIPPICA
637 97 765 137 XIII.
796 97 901 138 CAP.
937 99 998 137 16.
1119 100 1200 137 383

80 219 166 247 mm
184 206 425 245 tribunatum
444 219 575 257 gerere
599 206 700 258 passi
723 207 852 245 estis.”
881 206 990 255 Quid
1009 210 1129 259 ergo?
1159 215 1205 246 ut

76 261 312 309 Marullum,
338 270 384 299 ut
396 259 620 309 Caesetium,
637 274 660 298 a
681 274 722 299 re
743 261 900 313 publica
921 274 1205 300 removeremus

77 329 182 363 eum,
202 329 270 368 per
289 328 421 367 quem,
451 321 496 353 ut
520 327 646 366 neque
664 315 768 353 idem
795 314 868 353 hoe
886 316 1057 367 posthac,
1077 328 1205 367 neque

76 371 203 409 multa
218 369 444 419 hujusmodi
457 369 624 407 accidere
638 376 806 420 possent,
821 371 1011 408 consecuti
1031 383 1166 408 sunzus
1183 373 1201 409 ?

80 424 340 475 “Vectigalia
368 424 531 462 Juliana
563 423 750 474 Lupercis
781 423 1015 462 ademistis.''
1051 425 1203 475 Luper-

80 491 212 518 corum
244 478 479 516 mentionem
508 478 630 516 faeere
658 477 773 516 audet
790 481 808 517 ἲ
836 490 963 530 neque
991 478 1095 516 illius
1128 478 1202 516 diei

76 532 306 572 memoriam
323 532 588 584 perhorrescit,
605 545 683 584 quo
703 546 818 571 ausus
837 541 905 580 est,
926 533 1086 570 obrutus
1099 533 1203 579 vino,

76 587 287 639 unguentis
314 587 470 634 oblitus,
497 587 638 634 nudus,
665 594 882 638 gementem
908 587 1097 637 populum
1119 587 1201 625 Ro-

75 654 241 680 manum
277 641 326 680 ad
356 641 578 680 servitutem
616 641 803 679 cohortari
820 644 838 681 ‚²
869 644 897 664 “
918 641 1200 679 Veteranorum

73 696 255 743 colonias,
292 696 475 735 deductas
503 696 588 747 lege
618 703 656 734 et
684 695 1044 742 senatus-consulto,
1076 704 1203 734 sustu-

73 750 212 789 listis-’⁹
240 750 326 789 Nos
346 750 588 795 sustulimus,
613 762 661 787 an
686 758 816 788 contra
830 751 914 801 lege
933 750 1096 788 comitiis
1115 762 1203 788 cen-

72 804 223 844 turiatis
246 805 326 844 lata
355 804 586 843 sanximus?
616 804 732 852 Vide,
759 817 809 842 ne
837 812 881 842 tu
905 811 1115 852 veteranos,
1143 812 1202 842 ta-

3 891 7 893 »
70 871 163 898 men
196 871 259 898 eos
290 859 358 911 qui
390 866 497 897 erant
523 858 677 910 perditi,
708 858 931 910 perdideris,
963 858 1001 895 in
1034 871 1201 910 eumque

68 914 200 953 locum
218 913 436 961 deduxeris,
458 926 506 951 ex
526 925 603 964 quo
629 912 703 964 ipsi
733 914 816 963 jam
837 913 1007 951 sentiunt
1037 926 1076 951 se
1100 925 1201 951 nun-

68 980 189 1020 quam
222 967 405 1006 exituros.
434 970 462 989 “
479 967 789 1005 Massiliensibus
817 968 903 1016 jure
928 966 1022 1005 belli
1048 967 1202 1006 ademta

599 1021 818 1038 ......

65 1077 184 1116 belli:
215 1075 340 1128 magis
358 1076 481 1115 facilis
513 1076 721 1128 disputatio
741 1084 811 1123 est,
839 1089 959 1128 quam
978 1076 1203 1114 necessaria.

66 1130 177 1170 Illud
204 1137 335 1169 tamen
366 1130 563 1178 advertite,
595 1138 722 1181 patres
752 1130 968 1182 conscripti,
1001 1144 1120 1182 quam
1152 1131 1201 1169 sit

67 1186 160 1225 huic
192 1185 413 1237 reipublicae
443 1193 558 1223 natus
590 1185 710 1223 hostis
734 1185 948 1231 Antonius,
981 1185 1048 1236 qui
1074 1192 1201 1223 tanto-

65 1253 157 1293 pere
175 1252 260 1278 eam
273 1239 466 1278 civitatem
486 1238 621 1286 oderit,
643 1251 762 1291 quam
785 1239 853 1278 scit
871 1239 962 1278 huic
980 1240 1200 1292 reipublicae

68 1308 221 1346 semper
238 1294 357 1332 fuisse
376 1293 661 1332 amicissimam.

52 1363 55 1366 ’
122 1347 242 1388 XVI.
274 1351 302 1371 “
324 1348 536 1386 Neminem
568 1347 868 1399 Pompeianum,
900 1347 968 1400 qui
998 1348 1115 1395 vivat,
1142 1356 1199 1386 te-

51 1416 158 1443 >nere
174 1403 260 1455 lege
275 1402 407 1441 Hirtia
422 1402 627 1454 dignitates
645 1403 692 1441 ?''
725 1401 987 1455 [Quisquam]
1006 1404 1088 1452 jam
1101 1403 1197 1454 legis

68 1458 211 1498 Hirtiae
233 1457 471 1496 mentionem
500 1456 623 1495 facit?
653 1458 763 1506 cujus
782 1469 860 1495 non
886 1457 1016 1495 minus
1036 1457 1199 1495 arbitror

65 1514 227 1552 latorem
247 1512 390 1563 ipsum,
423 1524 543 1563 quam
569 1524 632 1549 eos
649 1511 698 1549 de
725 1512 866 1562 quibus
884 1511 962 1549 lata
986 1519 1054 1559 est,
1076 1512 1198 1563 poeni-

66 1567 177 1606 tere.
207 1566 396 1607 Omnino..
428 1565 516 1604 mea
535 1565 693 1618 quidem
717 1565 919 1614 sententia,
942 1566 1068 1617 legem
1087 1566 1197 1604 illam

66 1621 260 1674 appellare
285 1620 343 1658 fas
364 1632 442 1658 non
469 1627 548 1658 est:
580 1627 630 1667 et,
658 1627 704 1658 ut
732 1620 782 1658 sit
806 1620 884 1666 lex,
912 1633 989 1659 non
1013 1620 1198 1659 debmeus

64 1677 176 1715 illam
209 1675 332 1713 Hirtii
367 1675 493 1726 legem
531 1682 679 1727 putare.
723 1676 751 1697 “
770 1674 996 1726 Apuleiana
1026 1675 1193 1726 pecunia

65 1731 240 1771 Brutum
260 1729 507 1768 subornastis.
509 1729 534 1747 ”
564 1729 700 1777 Quid?
721 1728 754 1767 si
772 1728 952 1767 omnibus
978 1730 1056 1767 suis
1079 1729 1198 1781 copiis

64 1786 317 1825 excellentem
335 1783 464 1823 virum
488 1783 704 1835 respublica
729 1783 942 1829 armasset3
973 1796 1088 1835 quem
1110 1792 1196 1822 tan-

62 1840 153 1879 dem
170 1841 321 1879 bonum
338 1838 537 1891 poeniteret
548 1839 566 1875 ἰ’
595 1851 665 1876 nec
680 1837 782 1876 enim
803 1838 884 1876 sine
902 1838 1066 1890 pecunia
1086 1851 1195 1876 exer-

61 1895 184 1936 citum
202 1894 318 1945 alere,
338 1906 409 1932 nec
433 1893 515 1932 sine
534 1893 701 1932 exercitu
724 1892 883 1931 fratrem
910 1900 1023 1931 tuum
1042 1905 1190 1944 capere,

57 1949 256 2004 potuisset.

116 2005 146 2027 ‘⁶
165 2002 298 2043 Securi
321 2015 519 2055 percussos
543 2002 699 2040 Paetum
718 2009 757 2040 et
782 2001 1078 2050 Menedemum,
1099 2001 1192 2040 civi-

58 2066 137 2099 tate
165 2058 339 2107 donatos,
375 2065 413 2096 et
444 2057 614 2108 hospites
638 2057 814 2105 Caesaris,
840 2056 1067 2095 laudastis-'⁹
1097 2056 1191 2094 Non

57 2111 318 2161 laudavimus,
335 2111 440 2164 quod
451 2124 500 2150 ne
514 2111 734 2150 audivimus
742 2111 913 2164 quidem.
944 2110 1072 2150 Valde
1086 2111 1190 2150 enim

58 2167 185 2216 nobis,
214 2165 256 2206 in
275 2164 383 2206 tanta
407 2165 693 2219 perturbatione
710 2166 948 2220 reipublicae,
973 2165 1022 2205 de
1040 2165 1191 2205 duobus
