1509 2397
245 90 325 128 262
491 89 839 131 PHILIPPICA
858 90 935 130 IV.
956 90 1063 131 CAP.
1085 95 1123 131 5.

240 205 357 249 negat
371 206 508 238 cuncta
522 199 651 247 Italia,
667 208 784 252 negat
801 207 970 248 senatus,
989 198 1137 252 negatis
1155 212 1235 240 vos.
1263 200 1365 250 Quis

238 251 360 303 igitur
376 253 491 291 illum
515 254 725 301 consulem,
744 254 819 293 nisi
834 255 999 293 latrones
1025 257 1196 306 putant?
1224 268 1363 316 quam-

239 319 360 358 quam
373 319 422 345 ne
435 308 462 345 ii
481 307 663 369 quidem
652 309 740 360 lpsi,
756 308 861 360 quod
871 309 1098 360 loquuntur,
1113 308 1154 347 id
1166 309 1360 348 sentiunt·
1347 338 1360 357 ‚

240 372 311 399 nec
330 374 352 398 a
367 362 512 411 judicio
524 362 701 400 omnium
715 362 953 410 mortalium,
974 362 1152 414 quamvis
1164 362 1278 415 11111111
1294 376 1362 403 ne-

239 414 403 466 fariique
430 416 519 464 sint,
551 416 648 455 sicut
686 424 790 465 sunt,
829 416 1025 454 dissentire
1059 424 1231 478 possunt.
1287 417 1365 457 Sed

241 481 327 520 spes
345 470 517 522 rapiendi
536 478 651 523 atque
662 470 859 522 praedandi
870 478 1029 509 occaecat
1043 470 1191 509 animos
1202 484 1361 511 eorum:

240 536 338 573 quos
357 536 433 562 non
453 526 642 562 bonorum
661 524 829 572 donatio,
849 537 928 562 non
946 537 1126 575 agrorum
1145 525 1364 577 assignatio,

240 588 319 615 non
338 578 406 616 1113
423 578 573 616 infinita
590 578 713 639 113313,
734 578 908 616 satiavit:
939 578 1008 630 qui
1026 578 1099 617 sibi
1116 579 1280 628 Urbem,
1296 580 1364 632 qui

241 632 343 670 bona
362 640 399 670 et
417 632 589 670 fortunas
615 632 771 693 civium,
799 632 848 670 ad
865 632 1038 684 praedam
1055 643 1362 684 proposuerunt.

241 685 323 736 qui,
345 686 439 724 dum
459 686 507 724 sit
529 686 634 737 quod
652 686 816 737 rapiant,
837 686 941 738 quod
959 686 1148 734 auferant,
1176 687 1275 726 nihil
1293 688 1366 728 sibi

241 739 466 778 defuturum
487 740 744 778 arbitrantur:
776 740 917 792 quibus
936 740 999 778 M.
1018 741 1218 780 Antonius
1236 744 1277 786 (o
1295 742 1365 782 Dii

239 793 477 832 immortales
493 795 502 832 l
545 795 702 833 avertite
734 802 772 833 et
819 794 1076 844 detestamini,
1115 809 1260 847 quaeso,
1292 797 1366 836 hoc

239 860 354 885 omen
370 849 400 894 !)
429 848 578 887 Urbem
598 862 636 887 se
647 848 862 887 divisurum
877 862 957 888 oese
967 849 1154 900 promisit.
1185 850 1249 889 Ita
1259 863 1362 900 vero,

240 901 427 950 Quirites,
448 910 492 940 ut
510 903 733 954 precamini,
761 903 935 949 eveniat3
965 903 1160 955 hujusque
1187 905 1365 944 amentiae

239 969 353 1007 poena
370 957 412 995 in
430 957 559 1008 ipsum
577 957 843 1019 familiamque
861 958 943 1007 ejus
969 957 1123 996 recidat.
1163 957 1284 1005 Quod
1309 959 1364 999 ita

238 1009 417 1049 futurum
430 1023 509 1049 esse
521 1011 690 1049 confido:
708 1012 792 1060 jam
807 1010 911 1049 enim
929 1024 1007 1049 non
1027 1012 1153 1050 solum
1171 1012 1360 1063 homines,

239 1064 306 1102 sed
325 1064 440 1103 etiam
460 1066 566 1103 Deos
579 1065 828 1113 immortales,
849 1065 900 1103 ad
917 1066 1196 1126 rempublicam
1215 1079 1364 1106 conser-

238 1118 405 1157 vandam
425 1120 586 1158 arbitror
604 1119 846 1158 consensisse.
877 1120 966 1158 Sive
983 1119 1087 1158 enim
1105 1120 1287 1173 prodigiis
1304 1130 1364 1160 at..

238 1186 314 1234 que
325 1174 510 1225 portentis
525 1173 595 1211 Dii
608 1174 844 1212 immortales
858 1174 968 1212 nobis
982 1173 1114 1212 futura
1123 1175 1362 1226 praedicunt3

237 1226 292 1265 ita
311 1235 400 1265 sunt
416 1237 544 1279 3113113
563 1227 801 1289 denuntiata,
818 1237 862 1266 ut
877 1235 913 1266 et
927 1227 986 1266 1111
1003 1241 1130 1279 poena,
1144 1236 1182 1267 et
1193 1229 1303 1268 nobis
1316 1230 1364 1268 li-

236 1282 377 1330 1131133,
393 1282 700 1334 appropinquet:
735 1283 814 1320 sive
830 1290 959 1320 tantus
974 1294 1177 1322 consensus
1188 1284 1364 1323 omnium

238 1335 319 1373 sine
347 1336 519 1388 impulsu
550 1336 725 1374 Deorum
751 1349 831 1375 esse
863 1348 940 1374 non
965 1337 1116 1388 potuit;
1159 1337 1255 1389 quid
1290 1346 1361 1387 est,

237 1390 343 1441 quod
355 1391 402 1429 de
415 1391 609 1429 voluntate
623 1390 831 1429 coelestium
844 1390 1020 1429 dubitare
1031 1390 1254 1442 possimus?
1283 1392 1362 1431 Re.

237 1444 391 1495 liquum
410 1453 479 1491 est,
501 1445 687 1493 Quirites,
712 1452 757 1482 ut
775 1457 841 1482 vos
858 1444 899 1482 111
916 1444 991 1483 ista
1013 1445 1214 1495 sententia,
1244 1459 1364 1499 quam

236 1511 317 1550 prae
335 1499 442 1537 vobis
462 1499 581 1546 fertis,
602 1499 858 1550 perseveretis.

292 1553 344 1591 V.
375 1553 532 1591 Faciam
551 1553 683 1604 igitur,
704 1560 749 1590 ut
767 1553 1030 1604 imperatores,
1056 1553 1242 1593 instructa
1267 1553 1362 1602 acie,

236 1606 374 1654 solent,
395 1620 635 1659 quamquam
664 1607 923 1658 paratissimos
952 1607 1094 1646 milites
1113 1607 1163 1646 ad
1183 1607 1363 1660 proelian-

236 1660 334 1699 dum
348 1661 491 1709 vident,
512 1670 557 1699 ut
576 1674 637 1700 eos
656 1669 785 1699 tamen
814 1661 1087 1699 adhortentur:
1119 1661 1173 1700 sic
1192 1675 1262 1713 ego
1281 1675 1362 1711 vos,

235 1714 411 1753 ardentes
430 1723 467 1753 et
491 1724 632 1754 erectos
659 1715 710 1752 ad
732 1716 948 1753 libertatem
966 1715 1279 1766 recuperandam,
1300 1729 1364 1754 co·-

236 1768 428 1808 hortabor.
471 1770 563 1807 Non
583 1777 652 1817 est,
679 1781 758 1807 non
777 1777 834 1807 est
860 1769 982 1816 vobis,
1003 1769 1188 1816 Quirites,
1209 1782 1299 1808 cum
1317 1783 1362 1809 30

237 1822 346 1861 110313
375 1832 579 1870 certamen,
607 1835 776 1875 quocum
807 1823 939 1883 31111113
962 1823 1066 1874 pacis
1097 1823 1262 1861 conditio
1281 1837 1362 1863 esse

236 1877 366 1928 possit.
398 1878 538 1939 Neque
554 1877 657 1915 enim
667 1877 734 1915 1113
748 1876 969 1915 servitutem
981 1884 1161 1923 vestram,
1177 1885 1221 1915 ut
1233 1886 1358 1925 antea,

236 1931 303 1969 sed
329 1933 411 1981 jam
443 1932 562 1969 iratus
591 1931 833 1981 sanguinem,
861 1930 1103 1982 concupiscit.
1149 1931 1296 1970 Nullus
1326 1932 1362 1970 ei

235 1985 353 2023 ludus
383 1985 532 2024 videtur
558 1998 636 2024 esse
662 1984 882 2034 jucundior,
921 1997 1040 2045 quam
1077 1997 1201 2033 311101,
1240 1998 1360 2037 quam

235 2039 370 2088 caedes,
391 2052 510 2091 quam
529 2046 618 2078 ante
636 2039 766 2077 oculos
784 2038 986 2076 trucidatio
1005 2039 1160 2077 civium.
1190 2039 1232 2077 N
1234 2052 1284 2077 on
1304 2047 1361 2078 est

236 2093 358 2141 vobis,
379 2094 564 2142 Quirites,
593 2105 652 2131 res
671 2105 762 2131 cum
780 2092 960 2131 scelerato
984 2093 1141 2131 homine
1159 2100 1275 2145 atque
1293 2106 1362 2132 ne-

237 2147 347 2195 fario,
364 2148 431 2186 sed
442 2161 531 2186 cum
550 2146 713 2185 immani
731 2146 906 2198 tetraque
924 2147 1078 2185 bellua:
1109 2160 1198 2199 quae
1222 2148 1361 2199 quoni·

236 2213 302 2239 am
315 2201 357 2240 in
371 2202 522 2241 foveam
536 2201 684 2250 incidit,
703 2202 900 2240 obruatur.
929 2200 971 2240 Si
991 2201 1095 2240 enim
1113 2201 1220 2240 illinc
1238 2214 1362 2240 emer·
