1509 2397
177 110 262 149 380
374 106 721 147 PHILIPPICA
750 106 880 147 XIII.
911 106 1021 147 CAP.
1057 106 1122 145 12.

178 216 436 257 fortissimum
461 216 605 266 virum,
633 215 752 257 sensit
774 223 814 257 et
836 215 986 256 sentiet.
1014 213 1089 254 Est
1118 212 1328 267 1511151131-

178 271 269 310 dem
288 284 432 310 nomen
453 272 590 322 aetatis,
615 271 683 311 sed
702 273 752 310 ab
775 284 823 310 eo
839 270 1005 309 minime
1033 267 1328 321 usurpandum,

181 326 251 379 qui
269 339 380 365 suam
399 326 610 365 amentiam
630 339 753 379 puero
770 325 864 365 huic
881 326 1029 378 praebet
1048 323 1099 363 ad
1117 323 1301 375 gloriam

237 383 266 403 “
287 380 373 428 Qui
390 380 522 419 omnia
542 382 625 431 ejus
643 380 796 420 nomini
816 380 980 429 debes,”
987 408 1015 419 ..
1023 378 1203 418 ‚Debet
1221 389 1328 426 vero,

182 435 373 487 solvitque
397 435 590 487 praeclare.
621 436 664 476 Si
695 435 800 474 enim
829 435 896 473 ille
922 433 1060 486 patriae
1086 444 1230 486 parens
1254 439 1329 481 est,

182 496 228 527 ut
247 497 290 527 tu
310 490 498 551 appellas,
521 493 624 542 (ego,
652 489 749 542 quid
779 489 960 537 sentiam,
982 487 1133 536 videro)
1160 499 1231 526 cur
1248 498 1329 526 non

183 543 247 582 hie
266 556 403 595 parens
423 543 560 593 verior,
582 558 605 583 a
624 558 702 597 quo
723 550 823 582 certe
842 543 965 582 vitam
983 542 1190 591 habemus,
1211 553 1233 580 e
1251 540 1332 580 tuis

183 598 515 637 facinorosissimis
545 600 727 638 manibus
755 600 964 650 ereptam?
1008 600 1038 620 “
1058 596 1100 635 id
1125 608 1259 648 agere,
1285 602 1333 635 ut

181 653 271 702 jure
289 653 496 691 damnatus
517 653 565 691 sit
581 653 831 698 Dolabella?
889 652 1098 704 ‚Tar-pem
1110 663 1204 690 vero
1214 650 1333 689 actio-

186 719 291 754 nem,
321 721 399 759 qua
427 707 646 746 defenditur
678 707 912 759 amplissimi
947 706 1156 745 auctoritas
1186 704 1334 744 ordinis

185 770 318 800 eontra
348 761 601 801 crudelissimi
631 762 855 814 gladiatoris
886 760 1133 800 amentiam!
1176 761 1206 783 ‘⁶
1225 766 1266 798 et
1288 765 1335 798 ut

188 816 357 854 venefica
376 816 459 855 haec
477 817 663 856 liberetur
691 816 934 856 obsidione.”
963 814 1195 854 veneficam
1214 813 1336 853 aude·

187 870 383 922 appellare
401 883 492 909 eum
515 871 658 918 virum,
679 872 750 924 qui
768 871 846 910 tuis
871 869 1065 909 veneficiis
1083 868 1286 908 remedia
1274 880 1336 907 m-

188 924 325 963 venit?
356 938 474 977 quem
489 925 543 964 ita
561 926 729 974 obsides,
746 938 844 964 nove
861 924 1081 973 Hannibal,
1099 926 1187 968 (aut
1200 923 1233 962 si
1247 923 1337 976 quis

187 979 334 1018 acutior
351 979 561 1032 imperator
587 981 678 1028 fuit)
698 988 744 1019 ut
767 988 805 1019 te
831 980 914 1032 ipse
937 979 1128 1026 obsideas,
1152 990 1279 1030 neque
1298 985 1336 1017 te

188 1033 317 1082 istinc,
339 1034 370 1072 si
394 1035 542 1096 cupias,
562 1035 685 1087 possis
705 1035 909 1087 explicare.
942 1032 1187 1073 Recesserise
1218 1031 1336 1071 undi-

189 1099 266 1140 que
293 1101 426 1127 omnes
445 1089 708 1141 insequentur.
740 1089 964 1128 Manseris:
995 1087 1170 1127 haerebis.
1203 1086 1336 1126 Nimi-

189 1154 280 1180 rum
299 1151 399 1181 recte
418 1143 630 1182 veneficam
649 1144 838 1196 appellas,
861 1156 884 1182 a
907 1156 987 1196 quo
1007 1142 1079 1181 tibi
1104 1148 1335 1204 prasentem

188 1204 336 1258 Pae‘oeHJ
368 1197 475 1236 vides
507 1206 786 1250 comparatam
819 1200 848 1220 “
869 1198 926 1236 Ut
959 1209 1082 1250 quam
1114 1195 1336 1248 potentissi-

190 1263 280 1289 mus
301 1251 349 1290 sit
371 1251 528 1291 Cassius
547 1260 665 1304 atque
685 1253 863 1292 Brutus.
853 1253 887 1280 '³'
891 1251 1056 1291 'Putes
1077 1250 1337 1290 Censorinum

190 1304 328 1354 dicere,
362 1313 430 1344 aut
461 1307 710 1356 Ventidium,
743 1315 811 1346 aut
841 1306 959 1346 etiam
988 1306 1093 1359 ipsos
1126 1305 1336 1345 Antonios.

192 1359 275 1399 Cur
294 1367 425 1399 autem
445 1361 572 1400 nolint
597 1369 773 1413 potentes
801 1375 898 1410 esse,
926 1373 1004 1400 non
1028 1359 1147 1400 modo
1168 1360 1338 1412 optimos

193 1421 231 1453 et
250 1415 509 1454 nobilissimos
530 1416 644 1465 viros,
671 1416 739 1455 sed
760 1421 891 1456 secum
918 1416 1036 1454 etiam
1054 1415 1097 1454 in
1115 1414 1339 1467 reipublioe

192 1468 413 1508 defensione
428 1472 678 1520 conjunctos.
669 1474 687 1498 ⁹
713 1474 742 1495 “
760 1471 963 1510 Nimirum
979 1470 1115 1509 eodem
1127 1469 1244 1508 modo
1256 1469 1340 1510 hac

192 1523 402 1585 adspicitis,
417 1535 462 1563 ut
476 1526 633 1577 priora)
638 1525 784 1574 ’Quae
799 1525 984 1564 tandem.
973 1525 992 1551 ‘³
1022 1527 1051 1548 ‘⁶
1066 1525 1205 1564 Castra
1218 1523 1341 1564 Pom-

196 1578 274 1630 peii
295 1587 472 1617 senatum
491 1580 740 1632 appellatis.”

249 1633 353 1671 XII.
383 1636 453 1672 An
474 1648 562 1674 vero
582 1643 651 1674 tua
669 1643 794 1674 castra
818 1634 948 1688 potius
967 1641 1146 1673 senatum
1165 1634 1341 1686 appella-

195 1700 326 1726 remus
345 1691 363 1727 ?
392 1688 432 1727 in
453 1689 596 1741 quibus
615 1697 659 1728 tu
677 1690 852 1729 videlicet
867 1689 1091 1737 consularis,
1109 1689 1220 1739 cujus
1234 1696 1341 1728 totus

195 1743 417 1782 consulatus
437 1751 494 1782 est
514 1757 562 1783 ex
585 1745 694 1783 omni
716 1745 1049 1784 monimentorum
1070 1743 1262 1782 memoria
1278 1755 1343 1782 re-

197 1796 354 1836 vulsus:
386 1797 465 1836 duo
494 1807 690 1850 praetores,
725 1800 809 1838 sine
838 1798 951 1838 causa
981 1797 1097 1837 diffisi
1123 1811 1164 1837 se
1190 1797 1341 1850 aliquid

197 1850 411 1901 habituros,
433 1855 520 1896 (nos
539 1854 644 1892 enim
660 1854 826 1893 Caesaris
839 1852 1025 1893 beneficia
1045 1851 1308 1903 defendimus)
1323 1865 1338 1900 ς

198 1906 383 1958 praetorii,
406 1906 690 1960 Philadelphus
701 1908 876 1958 Annius,
890 1915 928 1947 et
953 1907 1137 1947 innocens
1157 1907 1340 1954 Gallius,
1326 1920 1339 1932 ·

200 1959 367 2010 aedilicii,
404 1960 587 2011 [coricus
609 1963 777 2002 laterum
805 1970 843 2002 et
868 1962 972 2002 vocis
999 1975 1112 2010 meae,
1142 1961 1277 2001 Bestia
1304 1968 1344 2002 et

199 2014 305 2063 fidei,
340 2024 551 2067 patronus;
558 2018 575 2070 ]
606 2017 806 2056 fraudator
835 2017 1069 2057 creditorum
1100 2015 1340 2065 Trebellius,

200 2076 238 2107 et
257 2069 375 2108 homo
395 2070 575 2123 diruptus
595 2071 840 2124 dirutusque,
861 2071 914 2120 Q.
937 2071 1110 2119 Coelius3
1140 2071 1344 2110 columen-

201 2136 280 2176 que
299 2125 514 2164 amicorum
534 2127 712 2177 Antonii,
731 2127 871 2189 Cotyla
892 2127 1063 2172 Varius;
1094 2138 1192 2179 quos
1210 2126 1342 2166 Anto-

203 2178 306 2227 nius,
327 2179 554 2220 deliciarum
584 2181 714 2232 musa,
732 2182 858 2222 loris
848 2194 890 2220 m
909 2181 1085 2221 convivio
1103 2180 1198 2221 caedi
1224 2182 1346 2232 jube-

204 2234 271 2271 bat
301 2247 324 2272 a
354 2235 470 2274 servis
511 2236 706 2288 publicis.
736 2236 1037 2290 septemvir-ales,
1074 2236 1214 2285 Lento,
1250 2236 1341 2276 Nu-
