1509 2397
425 55 489 97 IN
519 57 794 97 PISONEM.
825 58 931 98 Car.
962 60 1028 97 24.
1247 62 1301 99 53

172 168 376 215 evertebas‚
389 165 575 217 prodebas
594 173 711 217 caput
725 174 762 205 et
776 167 941 205 salutem
959 178 1088 204 meam
1103 168 1182 206 un&
1194 180 1297 207 mer-

174 221 264 262 cede
281 219 511 273 provinciam
542 219 575 258 si
605 220 848 271 triumphum
868 233 945 259 non
966 221 1160 271 cupiebas,
1188 223 1298 271 cujus

172 274 328 315 tandem
341 274 395 312 rei
410 283 447 312 te
459 273 666 325 cupiditate
678 275 811 313 arsisse
825 274 1005 312 defendes
1021 277 1037 313 ?
1068 275 1178 326 Saepe
1193 276 1297 314 enim

172 329 265 376 vidi,
286 328 354 380 qui
373 336 410 366 et
427 328 524 365 mihi
537 336 574 366 et
584 329 726 366 caeteris
742 328 955 380 cupidiores
968 329 1173 380 provinciae
1189 330 1296 368 vide-

170 390 317 430 rentur,
337 381 526 433 triumphi
543 382 698 420 nomine
718 390 842 434 tegere
867 391 982 434 atque
1003 383 1127 420 velare
1146 384 1295 434 cupidi-

169 443 288 476 tatem
303 449 425 474 suam.
456 436 545 474 Hoc
558 436 674 474 modo
693 437 746 474 D.
769 437 924 475 Silanus
945 437 1077 475 consul
1091 436 1131 474 in
1147 437 1218 475 hoc
1233 450 1294 476 or·-

169 491 272 539 dine,
293 491 364 528 hoc
382 503 491 528 meus
524 490 640 528 etiam
670 491 815 542 collega
842 491 1014 529 dicebat:
1045 503 1170 542 neque
1189 492 1293 531 enim

169 545 376 597 quisquam
394 551 518 595 potest
532 545 741 584 exercitum
761 558 912 596 cupere,
935 552 1139 596 aperteque
1150 554 1293 596 petere,

169 606 214 638 ut
229 612 307 637 non
325 606 510 650 praetexat
529 598 776 649 cupiditatem
796 599 995 650 triumphi.

222 652 342 701 Quod
361 652 392 690 si
411 659 449 690 te
467 659 619 691 senatus
630 653 873 704 populusque
891 654 1109 701 Romanus,
1131 660 1199 691 aut
1212 666 1292 693 non

166 714 427 760 appetentem,
448 713 516 744 aut
529 706 644 744 etiam
659 715 910 754 recusantem,
925 707 1074 746 bellum
1087 707 1291 758 suscipere,

169 760 378 802 exereitum
398 760 549 808 ducere,
566 761 772 811 coegissem
804 769 934 799 tamen
950 768 1028 799 erat
1043 762 1292 812 augustiani-

168 816 225 856 mi
243 823 361 866 atque
373 814 541 861 demissi,
554 815 649 863 justi
669 815 856 866 triumphi
874 815 1058 853 honorem
1074 823 1190 866 atque
1208 815 1293 868 dig..

166 871 327 910 nitatem
348 875 599 907 contemnere.
640 869 682 908 N
685 882 763 915 am,
792 877 837 907 ut
854 870 1019 907 levitatis
1040 877 1108 915 est,
1135 870 1291 908 inanem

166 923 352 975 aucupari
379 934 589 972 rumorem,
613 932 672 969 ut,
699 936 832 962 omnes
861 925 1018 962 umbras
1042 923 1157 962 etiam
1183 923 1290 963 falsae

165 979 297 1030 gloriae
316 977 547 1021 consectari3
579 976 630 1015 sic
650 978 743 1016 levis
763 985 818 1016 est
843 978 976 1026 animi,
1007 978 1134 1016 lucem
1163 978 1291 1029 splen.

167 1033 376 1083 dotemque
395 1031 591 1082 fugientis,
617 1032 763 1081 justam
782 1032 961 1083 gloriam,
982 1032 1051 1083 qui
1070 1039 1125 1069 est
1142 1032 1290 1071 fmctus

165 1100 264 1128 verae
296 1085 443 1124 virtutis
470 1085 773 1134 honestissimus,
805 1086 1015 1137 repudiare.
1057 1085 1160 1124 Cum
1186 1099 1288 1132 vero,

164 1154 243 1182 non
267 1139 383 1178 modo
407 1152 485 1177 non
504 1140 721 1191 postulante
740 1148 856 1192 atque
878 1148 1048 1191 cogente,
1075 1140 1141 1178 sed
1168 1140 1289 1179 invito

166 1203 283 1247 atque
301 1207 482 1246 oppresso
512 1201 662 1241 senam,
694 1206 771 1232 non
790 1195 906 1233 modo
925 1194 1034 1232 nullo
1052 1194 1189 1245 populi
1208 1194 1291 1232 Ro-

163 1249 271 1289 mani
290 1248 430 1295 studio,
451 1247 516 1286 sed
530 1248 639 1286 nullo
656 1248 800 1286 ferente
815 1248 1040 1299 suffragium
1052 1249 1187 1295 libero,
1199 1261 1289 1299 pro-

164 1303 290 1344 vincia
307 1302 378 1340 tibi
395 1302 469 1340 ista
495 1302 784 1353 manupretium
806 1302 936 1349 fuerit,
968 1314 1045 1340 non
1065 1315 1201 1340 eversae
1220 1315 1289 1353 per

161 1365 215 1406 te,
242 1357 308 1396 sed
335 1355 495 1407 perditae
523 1355 707 1400 civitatis;
738 1369 906 1408 cumque
934 1356 1110 1394 omnium
1129 1363 1286 1394 tuorum

163 1412 350 1451 scelerum
366 1410 449 1448 haec
466 1409 591 1461 pactio
610 1409 808 1458 exstiterit,
839 1420 898 1457 ut,
927 1410 959 1448 si
980 1418 1023 1448 tu
1043 1417 1164 1447 totam
1182 1422 1285 1448 rem-

161 1466 358 1519 publicam
376 1463 530 1502 nefariis
547 1463 760 1501 latronibus
788 1463 1019 1511 tradidisses,
1051 1463 1284 1502 Macedonia

159 1520 232 1559 tibi
250 1521 299 1558 ob
315 1531 400 1558 eam
414 1530 511 1566 rem,
527 1517 668 1569 quibus
682 1524 725 1555 tu
738 1518 880 1556 finibus
892 1518 1021 1564 velles,
1037 1517 1280 1564 redderetur3

160 1587 251 1614 cum
263 1572 512 1612 exhauriebas
525 1571 701 1609 aerarium
719 1585 730 1617 ;
762 1585 851 1610 cum
870 1573 1030 1610 orbabas
1047 1572 1202 1610 Italiam
1217 1573 1283 1621 ju-

159 1636 340 1674 ventute3
371 1639 460 1665 cum
489 1639 595 1664 mare
624 1625 882 1664 vastissimum
912 1626 1039 1664 hieme
1062 1626 1250 1664 transibas
1265 1639 1281 1673 ς

157 1683 190 1722 si
212 1681 456 1734 triumphum
486 1682 768 1727 contemnebas,
796 1694 883 1732 quae
911 1687 962 1728 te,
993 1680 1124 1732 praedo
1147 1684 1284 1719 amen·

156 1737 316 1785 tissime,
338 1735 413 1774 nisi
426 1733 566 1786 praedae
584 1747 628 1773 ac
645 1734 868 1786 rapinarum
888 1734 1075 1786 cupiditas
1087 1742 1168 1772 tam
1183 1747 1282 1773 caeca

154 1791 325 1843 rapiebat
341 1793 359 1830 ἓ

209 1846 304 1884 Non
322 1852 377 1883 est
393 1843 588 1894 integrum
608 1842 681 1881 Cn.
702 1843 890 1894 Pompeio
920 1842 1076 1882 consilio
1099 1843 1182 1892 jam
1213 1841 1279 1880 uti?

157 1908 225 1944 tuo
238 1914 250 1937 z
281 1898 418 1937 erravit
437 1898 562 1936 enim:
594 1909 673 1935 non
691 1897 863 1948 gustarat
888 1897 1002 1935 istam
1024 1904 1133 1934 tuam
1152 1896 1283 1947 philo-

157 1953 355 2006 sophiam:
376 1960 435 1990 ter
449 1953 532 2002 jam
546 1952 663 1990 homo
675 1952 814 1990 stu-ltus
830 1950 1094 2002 triumphavit.
1127 1950 1278 1998 Crasse,

239 2014 276 2046 et
293 2020 356 2045 me
374 2006 451 2044 tui:
473 2005 569 2057 quid
587 2012 657 2053 est,
673 2005 791 2056 quod,
812 2006 982 2044 confecto
999 2018 1071 2056 per
1087 2012 1124 2043 te
1142 2003 1278 2042 formi-

152 2061 392 2103 dolosissimo
408 2061 526 2108 bell0,
545 2072 725 2098 coronam
743 2059 852 2098 illam
869 2060 1043 2098 lauream
1062 2058 1133 2097 tibi
1151 2066 1278 2096 tanto-

152 2129 244 2169 pere
259 2115 409 2155 decerni
425 2114 590 2154 volueris
607 2127 632 2152 a
656 2121 788 2153 senatu
806 2117 824 2153 ἓ
867 2115 914 2153 Ρ.
936 2113 1089 2205 Ξεῗῦί,
1109 2112 1162 2161 Q.
1182 2112 1279 2151 Me-

918 2179 944 2205 F
975 2192 984 2204 .
