1509 2397
398 83 738 123 PHILIPPICA
767 81 825 122 11.
857 83 962 123 cst.
992 84 1057 122 41.
1210 86 1291 123 235

171 206 257 246 ges,
277 192 393 232 aliam
421 204 578 231 causam
606 205 686 230 esse
704 191 824 230 hastae
841 191 1016 238 Caesaris,
1040 191 1156 229 aliam
1176 191 1295 230 confi-

175 248 316 286 dentiae
344 254 382 285 et
406 246 628 285 temeritatis
658 254 746 284 tuae.
784 246 876 283 Non
909 245 1012 283 enim
1045 255 1082 284 te
1114 245 1294 284 dominus

174 301 291 340 modo
308 301 384 339 inis
408 300 576 349 sedibus,
596 300 662 338 sed
684 300 811 352 quivis
843 299 1002 349 micus,
1024 299 1185 347 vicinus,
1205 299 1296 338 hos-

170 368 255 407 poe,
274 362 509 407 procurator,
530 355 683 392 arcebit.

229 409 347 448 XLI.
376 410 436 447 At
454 417 574 460 quam
591 408 735 446 multos
748 408 826 446 dies
844 408 884 445 in
905 406 948 445 ea
966 406 1058 445 villa
1076 407 1296 459 turpissime

158 470 236 502 ‘est
264 463 564 515 perbacchatus!
594 463 663 501 Ab
688 462 783 501 hora
812 462 921 500 tertia
947 462 1163 507 bibebatur,
1186 461 1296 499 lude-

174 519 304 566 batur,
335 519 571 556 vomebatur.
603 516 642 556 O
667 524 764 555 tecta
793 516 875 567 ipsa
906 516 1075 554 misera!
1119 519 1147 538 ‘⁴
1162 515 1295 562 Quam

175 571 320 623 dispari
337 572 494 610 domino
507 572 599 610 !''...
627 583 865 622 quamquam
881 570 1075 621 quomodo
1089 569 1159 607 iste
1172 569 1296 607 domi-

173 628 281 664 nus?
311 626 376 664 sed
400 633 531 664 tamen
559 638 679 676 quam
708 638 731 662 a
752 624 894 676 dispari
921 623 1173 662 tenebantur!
1206 624 1297 661 Stu-

174 679 328 717 diorum
347 680 449 718 enim
469 692 627 717 suorum
646 679 708 717 M.
722 679 848 717 Varro
862 678 982 716 voluit
997 691 1076 716 esse
1093 677 1205 724 illud,
1218 689 1296 715 non

174 733 193 771 1
206 733 396 783 bidinum,
416 733 679 772 diversorium.
720 732 821 780 Quae
834 733 875 770 in
894 733 961 770 '1115
981 732 1073 769 villa
1091 739 1179 769 ante
1197 731 1299 769 dice-

174 788 318 826 bantur
334 790 351 826 ?
381 801 470 840 quae
494 787 789 838 cogitabantur?
818 800 906 838 quae
923 786 1041 824 literis
1059 785 1298 824 mandaban-

172 848 239 880 tur
252 843 270 880 ?
306 843 397 892 jura
427 842 563 894 populi
594 840 777 880 Romani.
814 840 1054 878 monimenta
1087 841 1296 889 majorum,

157 895 300 934 ·omnis
318 895 513 947 sapientiae
536 895 647 941 ratio,
668 895 871 946 omnisque
896 894 1088 932 doctrinae.
1116 894 1176 931 At
1193 906 1297 941 vero,

173 955 214 988 te
230 949 435 1001 inquilino,
466 955 561 993 (non
580 949 684 988 enim
703 948 876 994 domino)
896 950 1149 1000 personabant
1168 947 1299 985 omnia

174 1003 329 1042 vecibus
344 1004 536 1042 ebriorum
551 1018 561 1041 :
592 1005 775 1042 natabant
786 1003 1006 1054 pavimenta
1023 1003 1136 1039 vino:
1167 1001 1299 1039 made-

173 1058 268 1096 bant
286 1058 449 1110 parietes
465 1072 477 1095 x
506 1058 664 1108 ingenui
689 1058 798 1109 pueri
828 1070 917 1095 cum
940 1056 1155 1104 meritoriis,
1176 1065 1299 1093 scorta

174 1111 275 1150 inter
303 1112 643 1159 matres-familias,
675 1113 935 1150 versabantur.
966 1111 1125 1149 Cassino
1155 1110 1298 1147 saluta-

172 1172 261 1204 tum
285 1167 502 1213 veniebant,
532 1166 708 1218 Aquino,
740 1166 976 1204 Interamna.
1007 1164 1215 1203 Admissus
1242 1173 1298 1202 est

171 1230 299 1259 nemo.
329 1221 359 1259 J
361 1234 429 1260 ure
445 1221 487 1258 id
505 1220 662 1271 quidem
680 1234 690 1257 :
720 1219 760 1257 in
779 1220 936 1258 homine
954 1219 1058 1257 enim
1076 1218 1296 1269 turpissimo

172 1275 396 1321 obsolebant
416 1274 611 1325 dignitatis
630 1274 804 1324 insignia.

229 1328 348 1376 Cum,
368 1329 458 1367 inde
476 1329 647 1366 Romam
665 1327 920 1379 proficiscens,
939 1326 990 1365 ad
1008 1326 1217 1377 Aquinum
1233 1339 1296 1364 ac-

174 1382 336 1429 cederet,
357 1383 510 1421 obviam
529 1382 564 1420 ei
582 1382 762 1433 processit
782 1386 842 1424 (ut
861 1390 916 1419 est
934 1381 1114 1432 frequens
1132 1380 1297 1418 munici-

169 1436 300 1487 pium)
319 1449 462 1487 magna
480 1448 570 1474 sane
592 1435 815 1474 multitudo.
844 1436 902 1473 At
921 1435 991 1473 iste
1013 1435 1143 1485 operta
1162 1434 1298 1472 lectica.

169 1490 272 1529 latus
291 1499 348 1530 est
373 1504 442 1542 per
460 1490 660 1542 oppidum,
681 1497 725 1527 ut
742 1499 928 1528 mortuus.
960 1489 1086 1527 Stulte
1114 1488 1296 1539 Aquina-

173 1551 229 1584 tes
242 1560 254 1584 ε
284 1545 352 1584 sed
369 1553 499 1583 tamen
517 1545 558 1582 in
578 1544 639 1582 via
657 1544 893 1582 habitabant.
924 1543 1034 1591 Quid
1055 1542 1257 1593 Anagnini
1274 1544 1292 1580 ἕ

173 1601 256 1650 qui,
277 1612 368 1638 cum
387 1607 510 1637 essent
536 1598 648 1646 devii,
669 1598 951 1645 descenderant,
973 1605 1016 1634 ut
1039 1597 1170 1642 istum,
1192 1604 1292 1633 tam-

171 1666 292 1704 quam
311 1653 343 1691 si
371 1660 466 1691 esset
485 1653 631 1699 consul,
656 1653 878 1690 salutarent.
908 1651 1136 1689 Incredibile
1155 1650 1259 1688 dictu
1278 1664 1289 1694 ;

166 1713 298 1747 tamen
316 1708 415 1746 ‘mter
425 1720 558 1745 omnes
576 1708 786 1755 constabat,
801 1706 997 1744 neminem
1011 1718 1091 1743 esse
1108 1704 1293 1742 resaluta-

154 1768 255 1800 ‘tum
272 1776 285 1807 3
314 1761 525 1814 praesertim
543 1773 633 1799 cum
651 1760 748 1798 duos
777 1773 906 1798 secum
924 1759 1155 1810 Anagninos
1173 1758 1292 1796 habe-

162 1825 238 1865 ret,
252 1816 480 1854 mustellam
495 1823 532 1853 et
544 1815 761 1860 Laconem3
785 1827 951 1866 quorum
965 1813 1061 1851 alter
1074 1812 1292 1863 gladiorum

153 1879 224 1910 ‘est
241 1871 430 1922 princeps,
451 1870 546 1907 alter
564 1869 809 1920 poculorum.
838 1867 948 1916 Quid
970 1880 1040 1918 ego
1064 1867 1151 1904 illas
1180 1866 1291 1904 istius

154 1925 291 1964 'minas
309 1924 635 1974 contumeliasque
663 1935 974 1969 commemorem,
995 1921 1137 1973 quibus
1163 1920 1291 1957 invec-

168 1989 232 2018 tus
261 1986 317 2016 est
346 1978 388 2015 in
413 1978 614 2023 Sidicino-s,
645 1977 797 2015 vexavit
827 1976 1073 2021 Puteolanos,
1105 1974 1210 2025 quod
1240 1973 1287 2012 C.

161 2032 359 2080 Cassium,
379 2031 484 2084 quod
501 2033 659 2079 Brutos,
678 2040 857 2083 patronos
876 2029 1149 2081 adoptassent?
1178 2040 1289 2078 mag-

151 2100 218 2126 vno
244 2086 403 2138 quidem
429 2086 590 2136 judicio,
621 2085 761 2133 studio,
794 2082 1072 2129 benevolentia,
1105 2081 1285 2126 caritate;

163 2153 243 2180 non
266 2148 310 2179 ut
340 2147 390 2191 te,
410 2148 455 2179 ut
473 2140 665 2189 Basilum,
697 2140 734 2178 vi
765 2146 804 2179 et
831 2138 962 2187 armis,
992 2144 1031 2176 et
1054 2136 1149 2175 alios
1175 2134 1287 2174 vestri
