1509 2397
311 119 652 160 PHILIPPICA
680 119 783 159 ΧΠ.
812 118 918 159 CAP.
944 119 1005 158 10.
1142 118 1222 157 365

98 226 224 267 11011111
237 227 287 266 ad
298 240 403 276 eum,
417 227 486 279 qui
496 226 594 266 mihi
607 227 683 266 fuit
693 226 923 279 propositus,
940 226 1100 265 exitum.
1121 225 1220 265 Tres

98 294 201 333 ergo,
223 289 267 319 ut
285 281 380 329 dixi,
401 282 473 320 viae
489 296 499 320 ε
530 295 553 320 a
564 282 711 333 Supero
724 281 837 331 mari,
853 281 1068 327 Flaminia3
1089 281 1137 319 ab
1149 280 1219 319 In-

96 336 190 383 fero,
210 334 399 381 Aurelia3
429 336 569 383 media,
591 335 735 374 Cassia.

152 390 194 428 N
196 402 284 439 unc,
305 403 447 441 quaeso,
469 389 664 437 attendite,
680 402 776 427 num
796 391 942 427 aberret
961 401 983 426 a
1002 386 1219 438 conjectura¹

97 443 261 495 suspicio
279 443 438 495 periculi
456 444 545 481 mei.
586 443 785 482 Etruriam
812 442 1048 480 discriminat
1074 441 1216 480 Cassia.

99 497 299 536 Scimusne
318 497 449 548 igitur,
472 498 613 544 Pansa,
627 497 767 549 quibus
777 496 818 534 in
832 496 923 534 locis
935 508 1037 534 nunc
1052 496 1100 533 sit
1115 495 1219 533 Len-

98 552 198 590 tonis
217 551 407 590 Caesennii
433 552 705 602 septemviralis
725 551 926 589 auctoritas
942 552 958 588 Ρ
1001 549 1219 587 Nobiscum

96 617 166 643 nec
185 605 314 643 animo
334 613 432 644 certe
451 614 520 653 est,
540 618 609 644 nec
628 617 796 666 corpore..
822 604 864 643 Si
883 610 1011 642 autem
1032 610 1098 641 aut
1113 602 1220 640 domi

96 665 166 707 est,
187 667 254 698 aut
272 672 350 698 non
363 660 476 710 longe
495 672 518 698 a
532 659 660 708 domo,
674 666 771 697 certe
785 658 825 696 in
840 657 999 697 Etruria
1011 664 1080 706 est,
1093 656 1134 695 id
1146 663 1216 705 est,

95 713 137 752 in
157 713 229 752 via.
261 713 361 761 Quis
380 714 498 765 igitur
515 713 613 751 mihi
637 720 804 764 praestat,
826 713 1041 751 Lentonem
1060 723 1138 749 uno
1158 722 1219 748 ca-

94 767 175 818 pite
207 780 285 806 esse
318 770 574 806 contentum?
614 767 691 805 Dic
722 765 820 804 mihi
848 773 1043 818 praeterea,
1075 765 1218 813 Pansa,

96 820 303 860 Ventidius
322 822 391 860 ubi
410 822 471 870 sit,
493 822 554 860 cui
572 821 630 860 fui
657 834 806 872 semper
831 820 991 868 amicus,
1011 825 1220 871 antequam

95 875 161 913 ille
179 875 397 937 reipublicae
415 875 601 928 bonisque
620 875 798 913 omnibus
821 881 902 913 tam
920 879 1048 925 aperte
1068 880 1123 911 est
1141 872 1220 910 fac-

96 936 159 967 tus
178 929 367 968 inimicus.
397 930 561 968 Possum
581 928 753 968 Cassiam
772 929 904 977 vitare,
925 935 1052 966 tenere
1071 921 1220 964 Flami-

94 982 213 1021 niam.
244 983 367 1032 Quid,
388 983 420 1022 si
437 984 657 1031 Anconam,
685 990 729 1020 ut
747 982 899 1031 dicitur,
926 981 1133 1021 Ventidius
1151 993 1216 1019 ve-

95 1037 217 1076 nerit.
208 1039 226 1065 ⁹
255 1044 437 1089 poterone
468 1037 697 1075 Ariminum
726 1043 809 1075 tuto
837 1036 1010 1074 accedere
1023 1035 1042 1072 Ρ
1081 1035 1219 1073 Restat

94 1091 270 1130 Aurelia.
311 1091 393 1130 Hic
411 1092 569 1145 quidem
588 1092 703 1130 etiam
726 1090 903 1142 praesidia
924 1090 1097 1128 habebo:
1127 1101 1220 1140 pos-

94 1145 277 1184 sessiones
302 1146 406 1184 enim
432 1154 521 1184 sunt
543 1146 590 1184 P.
618 1145 755 1185 Clodii.
785 1145 889 1183 Tota
915 1143 1064 1182 familia
1088 1156 1219 1182 occur-

94 1206 176 1238 ret:
201 1199 365 1252 hospitio
383 1200 574 1250 invitabit,
589 1206 743 1252 propter
755 1198 1057 1238 familiaritatem
1068 1195 1220 1236 11011551-

95 1265 214 1291 mam.

149 1308 204 1346 X.
235 1308 354 1347 Hisce
372 1320 442 1359 ego
459 1321 523 1346 me
537 1307 607 1346 viis
627 1307 879 1354 committam,
901 1305 969 1358 qui
983 1303 1219 1344 Terminali-

94 1363 168 1401 bus
187 1374 310 1413 nuper
328 1362 369 1400 in
388 1363 632 1405 suburbium,
645 1368 690 1399 ut
701 1361 833 1399 eodem
852 1361 914 1399 die
932 1367 1149 1408 reverterer,
1162 1359 1219 1397 ire

94 1428 172 1455 non
192 1428 280 1454 sum
299 1416 442 1455 ausus?
472 1415 701 1455 Domesticis
723 1428 786 1454 me
804 1415 1013 1477 parietibus
1024 1414 1089 1453 vix
1108 1421 1219 1452 tueor

95 1470 176 1509 sine
194 1470 406 1509 amicorum
425 1470 617 1509 custodiis.
653 1469 820 1521 Itaque
810 1482 851 1507 1n
870 1469 977 1507 Urbe
995 1480 1144 1506 maneo.
1174 1466 1218 1506 Si

93 1524 235 1572 licebit,
252 1527 427 1563 manebo.
458 1524 556 1563 Haec
569 1536 657 1562 mea
670 1523 773 1562 sedes
793 1530 862 1572 est,
882 1522 964 1561 haec
975 1522 1119 1574 vigilia,
1134 1521 1219 1560 haec

94 1578 280 1626 custodia,
300 1579 372 1617 hoc
390 1578 612 1630 praesidium
631 1577 823 1616 stativum.
851 1552 1030 1615 'Teneant
1049 1576 1115 1614 alii
1137 1588 1220 1614 cas-

90 1639 168 1681 tra,
188 1645 319 1684 regna,
332 1645 391 1671 res
409 1632 585 1671 bellicas:
610 1631 798 1683 [oderint]
815 1632 988 1670 hostem:
1005 1643 1074 1668 nos
1088 1632 1149 1674 (ut
1160 1629 1219 1668 di-

95 1687 233 1735 cimus,
251 1698 475 1749 semperque
487 1684 666 1736 fecimus)
683 1686 831 1725 Urbem
846 1692 884 1724 et
896 1698 955 1723 res
973 1686 1139 1723 urbanas
1151 1696 1219 1722 vo-

90 1741 245 1781 biscum
264 1741 404 1793 pariter
424 1740 632 1779 tuebimur.
661 1740 802 1791 Neque
821 1752 907 1778 vero
926 1751 1056 1778 recuso
1074 1750 1220 1776 munus

95 1795 193 1841 hoc;
224 1808 463 1847 quamquam
481 1795 671 1856 populum
690 1794 915 1832 Romanum
934 1793 1044 1832 video
1066 1805 1136 1844 pro
1154 1802 1220 1831 me

96 1862 280 1889 recusare.
322 1851 452 1888 Nemo
480 1862 544 1888 me
569 1849 699 1887 minus
724 1847 897 1896 timidus,
925 1860 1039 1886 nemo
1061 1845 1218 1885 cautior.

99 1904 179 1942 Res
198 1903 375 1943 declarat.
404 1903 629 1955 Vigesimus
648 1915 772 1941 annus
792 1909 860 1950 est,
881 1914 970 1941 cum
989 1913 1121 1940 omnes
1140 1912 1219 1939 sce-

95 1958 206 1996 lerati
219 1971 282 1996 me
296 1970 421 1996 unum
434 1965 584 2009 petunt.
614 1957 810 2009 Itaquep
770 1970 783 1994 1
812 1956 845 1995 si
864 1958 928 2000 (ne
947 1955 1086 2004 dicam,
1100 1952 1217 2004 mihi)

97 2011 318 2064 reipublicae
343 2025 474 2065 poenas
498 2011 709 2051 dederunt·
739 2024 803 2050 me
828 2010 978 2050 salvum
1003 2009 1130 2048 adhuc
1140 2021 1220 2047 res-

99 2065 255 2118 publica
286 2066 521 2106 conservavit
549 2066 634 2109 sibi.
675 2065 832 2105 Timide
861 2065 934 2103 hoc
963 2063 1115 2103 dicam.
1143 2063 1220 2102 scio

99 2120 203 2159 enim
231 2120 383 2173 quidvis
406 2114 555 2160 homini
581 2119 749 2160 accidere
783 2131 918 2172 posse·
953 2124 1219 2157 verumtamen

99 2175 230 2224 semel,
275 2174 550 2228 circumseptus
591 2174 697 2215 lectis
727 2172 1074 2266 1101011115511ξ1510111111
1096 2171 1222 2211 homi-

891 2238 907 2265 1
