1509 2397
246 79 326 117 252
476 76 819 117 PHILIPPICA
847 78 938 118 ΙΙΙ.
963 77 1074 119 Car.
1095 78 1158 118 η.

242 186 459 225 unciarum
479 186 659 238 religiosa
679 186 853 234 sortitio;
880 186 1010 226 divina
1028 199 1117 227 vero
1141 186 1371 240 opportuni-

243 248 314 288 tas,
335 248 394 287 ut,
414 254 502 292 quae
527 241 665 293 cuique
690 250 780 293 apta
798 249 907 291 esset,
928 255 975 280 ea
998 242 1137 294 cuique
1153 241 1364 280 obveniret.

243 295 430 334 Praeclare
447 295 563 346 igitur
581 295 717 344 facitis,
733 296 877 334 tribuni
891 295 995 347 plebi
982 309 1028 344 5,
1041 296 1108 347 qui
1127 296 1174 334 de
1191 295 1370 348 praesidio

243 350 444 387 consulum
459 352 685 401 senatusque
697 350 866 388 referatis
879 365 888 387 ι
905 349 1245 402 meritoquevestro
1256 362 1368 388 max-

243 403 340 441 imas
359 403 465 441 vobis
479 404 619 454 gratias
639 416 772 442 omnes
787 412 823 442 et
837 417 947 454 agere
967 412 1004 442 et
1015 404 1155 442 habere
1169 404 1368 443 debemus.

245 456 328 505 Qui
349 457 453 495 enim
467 470 590 496 carere
609 467 712 496 metu
736 458 960 509 et2periculo
978 471 1182 509 possumus
1199 459 1240 496 in
1259 458 1368 497 tanta

241 510 445 549 hominum
477 512 683 562 cupiditate
708 520 746 550 et
770 512 960 550 311(13813.9
991 512 1066 550 Ι118
1091 520 1236 561 autem,
1249 512 1368 551 homo

243 565 407 603 afflictus
426 573 463 603 et
480 565 665 616 perditus,
686 579 773 617 quae
791 565 838 603 de
857 579 895 604 se
914 574 1108 618 exspectat
1122 566 1267 616 judicia
1279 579 1367 618 gra-

242 619 362 667 viora,
397 632 515 671 quam
548 620 758 657 amicorum
797 634 979 659 suorum.
970 623 987 649 9
1030 620 1368 659 Familiatissimus

241 674 338 723 ejus,
352 674 449 711 mihi
464 674 579 711 homo
591 674 833 723 conjunctus,
850 675 899 712 L.
913 674 1118 722 Lentulus,
1132 682 1169 712 et
1184 675 1229 713 P.
1244 675 1367 722 Naso,

242 727 349 766 omni
368 740 497 766 carens
510 728 730 779 cupiditate,
747 729 896 767 nullam
912 741 953 767 se
964 729 1103 767 habere
1114 729 1366 780 provinciam,

238 782 388 819 nullam
399 782 562 820 Antonii
577 782 811 820 sortitionem
824 783 952 830 fuisse,
958 783 1237 832 judicaverunt.
1250 782 1371 831 Quod

240 835 344 874 idem
375 836 464 874 fecit
490 836 537 873 L.
564 836 783 887 Philippus,
808 838 866 875 vir
892 848 1013 888 patre,
1043 849 1128 884 avo,
1158 838 1368 887 majoribus

242 890 336 934 suis,
365 890 623 941 dignissimus.
676 891 723 928 In
756 891 890 929 eadem
923 891 1109 929 sententia
1140 890 1216 929 fuit
1248 891 1369 929 homo

241 944 396 982 summa
415 944 630 995 integritate
655 952 771 996 atque
793 945 1024 993 innocentia,
1045 945 1109 982 Μ’
1138 944 1367 984 Turranius.

242 997 355 1037 Idem
384 998 472 1036 fecit
501 998 546 1036 P.
568 998 735 1059 ΟΡΡ1115.
778 999 860 1050 Ipsi
887 999 1018 1046 etiam,
1048 998 1130 1050 qui,
1159 999 1369 1038 amicitiam

243 1051 313 1090 Μ.
325 1051 490 1090 Antonii
510 1052 631 1100 veriti,
655 1053 744 1103 plus
770 1054 804 1091 ei
823 1053 1038 1091 t1ibuerunt
1068 1065 1187 1104 quam
1211 1053 1371 1092 fortasse

243 1107 398 1153 vellent,
427 1107 489 1144 M.
508 1107 612 1154 Piso,
645 1120 755 1145 meus
782 1106 1027 1149 necessarius,
1059 1115 1096 1145 et
1126 1107 1182 1144 vir
1212 1117 1249 1145 et
1278 1107 1370 1146 civis

244 1161 431 1221 egregius,
467 1161 626 1212 parique
653 1161 870 1200 innocentia
898 1161 961 1198 M.
989 1160 1182 1209 Vehffius,
1217 1165 1372 1200 senatus

245 1215 460 1253 aucton‘tati
481 1228 518 1252 58
538 1216 863 1266 obtemperaturos
883 1229 960 1253 esse
979 1215 1172 1253 dixerunt.

299 1269 409 1318 Quid
440 1282 509 1320 ego
542 1269 589 1307 de
624 1269 672 1307 L.
697 1269 824 1307 Cinna
853 1269 1030 1320 loquar?
1063 1270 1173 1319 cujus
1204 1277 1374 1321 spectata

243 1324 377 1362 multis
403 1323 629 1374 magnisque
652 1325 765 1361 rebus
788 1324 994 1375 singularis
1017 1323 1213 1374 integritas
1240 1324 1371 1363 [11111118

244 1377 509 1416 admirabilem
533 1377 622 1416 facit
639 1377 757 1426 hujus
782 1377 1038 1416 honestissimi
1063 1377 1154 1416 facti
1178 1378 1368 1429 gloriam
1354 1407 1370 1424 ,

242 1431 311 1483 qui
329 1432 486 1470 omnino
504 1431 738 1482 proxinciam
754 1431 962 1483 neglexits
978 1444 1096 1484 quam
1115 1432 1208 1470 item
1227 1445 1370 1483 magno

243 1486 374 1524 animo
393 1493 430 1524 et
449 1486 635 1524 constanti
656 1485 700 1524 C.
720 1486 903 1524 Caesetius
922 1485 1146 1537 repudiavit.
1180 1485 1264 1534 Qui
1281 1491 1372 1524 sunt

243 1539 361 1591 igitur
373 1540 525 1591 reliqui,
542 1553 637 1591 quos
649 1553 728 1578 sors
745 1540 874 1578 divina
885 1540 1077 1579 delectet?
1099 1539 1144 1578 C.
1156 1540 1369 1587 Antonius,

243 1603 281 1632 et
309 1595 371 1632 M.
390 1594 599 1632 Antonius.
639 1594 677 1633 O
704 1594 855 1633 felicem
881 1594 1113 1646 utrumque!
1146 1593 1244 1632 nihil
1266 1594 1371 1632 enim

242 1649 479 1686 maluerunt.
513 1648 566 1687 C..
581 1648 779 1686 Antonius
805 1648 1089 1687 Macedoniam.
1127 1648 1247 1686 Hunc
1272 1661 1370 1699 quo-

244 1715 320 1754 que
338 1702 523 1740 felicem-
509 1703 517 1727 ⁹
549 1702 648 1741 hanc
668 1702 771 1740 enim
792 1715 942 1754 semper
959 1702 1124 1740 habebat
1142 1701 1182 1739 in
1199 1714 1263 1740 ore
1281 1715 1370 1753 pro-

243 1755 426 1794 vinciam.
451 1756 496 1795 C.
512 1756 711 1795 Calv1sius-
714 1755 909 1794 Africam.
934 1755 1047 1794 Nihil
1060 1755 1229 1794 felicius:
1252 1756 1368 1794 modo

241 1810 344 1849 enim
364 1823 412 1848 ex
430 1810 567 1848 Africa
586 1810 806 1858 decesserat,
823 1818 874 1857 et,
888 1810 998 1862 quasi
1016 1809 1092 1847 dix
1081 1822 1191 1847 mans
1218 1823 1257 1848 se
1282 1810 1368 1848 red-

241 1865 404 1910 iturum,
435 1865 530 1902 duos
557 1864 704 1914 legatos
724 1864 761 1902 L
765 1864 847 1902 ticae
875 1863 1093 1915 reliquerat.
1133 1863 1285 1902 Deinde
1305 1863 1369 1902 M.

242 1913 367 1957 1881115
387 1918 572 1966 Siciliam,
594 1918 646 1965 Q.
669 1917 824 1956 Cassius
844 1917 1096 1969 Hispaniam.
1117 1917 1210 1956 Non
1229 1918 1366 1966 habeo,

241 1971 337 2024 quid
365 1973 560 2024 suspicer.
599 1972 765 2010 dua.um
794 1972 905 2010 credo
942 1971 1224 2023 provinciarum
1252 1979 1369 2010 sortes

239 2027 370 2065 minus
389 2027 537 2066 divinas
556 2026 684 2064 fuisse.

295 2080 374 2119 XI.
393 2081 432 2120 O
446 2080 516 2120 Cai
529 2080 676 2119 Caesar!
693 2080 985 2123 (adolescentem
1005 2079 1173 2141 appello)
1193 2092 1311 2132 quam
1323 2087 1367 2119 tu

239 2134 403 2174 salutem
441 2134 659 2186 reipublicae
696 2135 887 2174 attulisti!
932 2148 1052 2187 quam
1088 2134 1363 2186 improvisam
1351 2134 1361 2160 ¹

238 2202 358 2248 quam
387 2189 651 2242 repentinam!
687 2189 770 2237 Qui
798 2189 901 2228 enim
930 2189 1011 2227 haec
1038 2188 1192 2240 fugiens
1218 2187 1363 2237 fecexit,
