1509 2397
242 47 323 84 248
488 43 829 84 PHILIPHCA
859 45 941 84 ΙΙΙ.
971 44 1078 84 Cn.
1099 45 1139 83 (ἰ.

299 153 375 191 VI.
405 152 686 201 Quamobrem,
712 152 842 192 omnia
863 153 951 192 mea
974 152 1161 192 sententia
1176 152 1368 214 complec-

246 216 318 255 tar,
339 207 477 254 (vobis,
492 214 537 246 ut
554 206 741 259 intelligo,
760 220 837 245 non
850 207 998 254 invitis)
1016 216 1061 246 ut
1079 215 1117 246 et
1134 206 1368 269 prestantis-

247 262 353 300 simis
371 261 532 300 ducibus
550 274 573 299 a
593 262 703 300 nobis
721 261 831 300 detur
853 261 1070 309 auctoritas,
1091 269 1129 300 et
1152 258 1368 306 fortissimis

248 316 437 354 militibus
455 329 539 367 spes
557 315 777 354 ostendatur
802 316 1076 367 praemiorum3
1106 323 1144 354 et
1159 314 1366 365 judicetur,

247 382 324 408 non
344 371 473 417 verbo,
492 369 558 408 sed
582 383 636 418 re,
660 383 737 408 non
762 370 877 408 modo
894 382 973 408 non
991 370 1138 418 consul,
1167 368 1234 408 sed
1251 369 1368 407 etiam

248 424 382 471 hostis,
405 423 615 462 Antonius.
659 425 781 472 Nam,
813 424 844 462 si
868 424 934 462 ille
959 424 1106 470 consul,
1131 423 1366 465 fustuarium

231 486 472 516 “meruerunt
488 478 669 529 legiones,
683 491 770 530 quae
788 478 982 516 consulem
1000 478 1238 529 reliquerunt
1252 490 1265 522 ς
1292 489 1371 517 sce·

250 533 392 570 letatus
412 532 552 579 Caesar,
572 532 721 570 Brutus
738 532 920 580 nefarius,
940 532 1009 583 qui
1026 539 1158 570 contra
1175 532 1370 570 consulem

251 586 399 638 privato
418 586 573 625 consilio
590 587 1120 638 exercituscomparaverunt.
1153 585 1223 624 Sin
1241 592 1372 625 autem
1389 590 1391 592 ’

252 640 441 678 militibus
455 640 680 692 exquirendi
694 648 784 679 sunt
795 640 956 679 honores
969 640 1059 681 novi
1075 646 1229 692 propter
1239 651 1372 681 eorum

252 694 429 732 divinum
454 702 569 746 atque
591 694 807 733 immortale
834 694 1032 742 meritum,
1060 694 1223 732 ducibus
1240 701 1371 732 autem

249 760 302 787 ne
319 748 448 787 referri
463 748 620 800 quidem
633 756 758 800 potest
768 749 912 800 gratia;
934 748 1020 800 quis
1031 755 1101 796 est,
1114 748 1183 800 qui
1193 760 1284 786 eum
1294 759 1373 788 non

251 802 401 841 hostem
416 803 619 850 existimet,
633 815 750 854 quem
769 803 837 854 qui
847 802 964 842 armis
976 809 1271 856 persequuntur,
1283 814 1374 841 oon-

249 864 458 895 servatores
471 857 692 908 reipublicae
706 857 927 906 judicantur
937 857 956 894 ?

250 945 254 947 ι
307 911 367 949 At
385 923 503 962 quam
523 911 819 950 contumeliosus
840 911 883 950 in
905 910 1035 950 edictis
1053 911 1062 946 !
1094 923 1213 962 quam
1235 911 1374 950 barba-

253 965 345 1003 rus!
376 978 495 1016 quam
520 965 652 1004 rudis!
694 965 887 1013 Primum,
910 965 952 1003 in
974 965 1164 1004 Caesarem
1189 972 1235 1003 ut
1254 965 1376 1003 male-

254 1019 356 1057 dicta
374 1019 573 1070 congessit,
587 1019 786 1070 depromta
798 1032 845 1058 ex
858 1018 1113 1058 recordatione
1126 1018 1377 1071 impudicitiae

255 1081 293 1111 et
320 1080 542 1124 stuprorum
569 1074 754 1112 suorum!
787 1072 888 1121 Quis
910 1073 1013 1113 enim
1038 1073 1110 1112 hoc
1139 1072 1376 1111 adolescente

255 1126 420 1165 castior?
441 1127 528 1178 quis
546 1126 781 1166 modestior?
801 1127 906 1180 quod
923 1127 964 1166 in
975 1129 1176 1177 juventute
1186 1126 1374 1165 habemus

254 1181 440 1219 illustrius
465 1182 688 1232 exemplum
707 1181 842 1220 veteris
867 1181 1108 1220 sanctitatis?
1137 1180 1224 1232 quis
1245 1187 1375 1219 autem

251 1235 322 1273 illo
341 1235 526 1273 maledico
545 1235 759 1287 impurior?
789 1235 1077 1287 Ignobilitatem
1089 1234 1275 1285 objicite.
1289 1233 1376 1273 Cae-

255 1289 347 1327 saris
366 1290 459 1336 filio,
480 1290 590 1339 cujus
574 1289 726 1328 setiam
743 1290 928 1328 naturalis
946 1297 1067 1341 pater,
1093 1289 1125 1327 si
1143 1289 1221 1327 vita
1239 1302 1379 1340 suppe-

255 1342 424 1391 ditasset,
445 1344 578 1382 consul
594 1343 718 1382 factus
737 1351 843 1382 esset.
871 1343 1034 1383 Aricina
1046 1351 1181 1382 mater.
1211 1342 1379 1382 Trallia-

257 1409 349 1435 nam
369 1397 652 1449 autEphaeiam
673 1405 785 1450 putes
796 1397 930 1437 dicere.
951 1397 1106 1460 Videte,
1119 1409 1238 1449 quam
1252 1396 1379 1449 despi-

255 1451 568 1500 ciamuromnes,
594 1451 663 1503 qui
690 1462 824 1491 sumus
846 1465 868 1491 e
884 1451 1119 1504 municipiis,
1138 1451 1179 1490 id
1198 1458 1268 1499 est,
1294 1464 1379 1490 om-

254 1518 324 1544 nes
342 1505 481 1557 plane·
511 1514 652 1557 quotus
671 1506 776 1544 enim
794 1506 959 1558 quisque
971 1518 1050 1545 non
1069 1513 1149 1544 est.
1139 1507 1157 1533 ⁹
1185 1504 1292 1557 quod
1308 1519 1379 1544 au-

255 1567 335 1598 tem
364 1559 623 1611 municipium
651 1571 730 1598 non
758 1560 967 1599 contemnit
994 1559 1043 1608 is,
1075 1559 1144 1612 qui
1170 1559 1378 1598 Aricinum

255 1621 452 1665 tantopere
469 1613 640 1665 despicit,
657 1621 844 1653 vetustate
862 1613 1188 1665 antiquissimum,
1204 1613 1293 1663 jure
1310 1613 1380 1652 foe-

255 1667 446 1715 (letatum,
476 1667 763 1719 propinquitate
794 1678 904 1719 paene
924 1667 1149 1716 finitimum,
1180 1666 1381 1719 splendore

255 1721 498 1772 municipum
516 1721 827 1760 honestissimum
845 1724 863 1760 ἓ

311 1775 418 1814 Hinc
429 1774 626 1822 Voconiae,
635 1775 725 1815 hinc
737 1775 914 1815 Soetiniae
923 1776 1048 1828 leges:
1064 1775 1154 1813 hinc
1165 1774 1301 1814 multae
1307 1775 1381 1814 sel-

254 1829 303 1867 1ae
311 1829 475 1872 curules,
485 1836 522 1866 et
540 1836 694 1880 patrum
703 1830 905 1878 memoria,
915 1837 953 1868 et
963 1829 1092 1868 nostra
1106 1844 1116 1867 :
1130 1829 1222 1868 hinc
1233 1829 1380 1880 equites

255 1882 428 1922 Romani
450 1882 654 1921 lautissimi
676 1884 836 1935 plurimi
858 1891 896 1923 et
922 1883 1193 1923 honestissimi.
1233 1883 1324 1931 Sed,
1348 1884 1381 1922 si

253 1937 456 1975 Aricinam
485 1949 648 1975 uxorem
666 1950 744 1976 non
769 1939 922 1990 probas,
943 1950 1012 1977 cur
1029 1939 1170 1989 probas
1187 1937 1382 1977 Tuscula-

252 1992 377 2030 nam?
407 2003 647 2042 quamquam
673 1992 791 2041 hujus
809 1992 1057 2031 sanctissimae
1081 1991 1238 2030 feminae
1265 1998 1383 2044 atque

253 2045 410 2096 optimae
427 2052 551 2096 pater,
571 2044 634 2082 M.
655 2045 792 2085 Attius
802 2046 968 2093 Balbus,
980 2045 1021 2084 in
1034 2045 1170 2098 primis
1184 2045 1381 2093 honestus,
1444 2053 1446 2056 ’

249 2099 450 2151 praetorius
468 2099 568 2141 fuit:
599 2106 676 2139 tuae
691 2100 880 2153 conjugis,
900 2102 1012 2140 bonae
1031 2099 1199 2149 femina,
1213 2099 1382 2152 locuple-
